@article{ELSEPA,
	author = {Salvat, Francesc and Jablonski, Aleksander and Powell, Cedric J.},
	doi = {10.1016/j.cpc.2004.09.006},
	issn = {00104655},
	journal = {Computer Physics Communications},
	number = {2},
	pages = {157--190},
	title = {{elsepaâ€”Dirac partial-wave calculation of elastic scattering of electrons and positrons by atoms, positive ions and molecules}},
	url = {https://linkinghub.elsevier.com/retrieve/pii/S0010465504004795},
	volume = {165},
	year = {2005}
}

@article{Dapor,
	title={Role of the tail of high-energy secondary electrons in the Monte Carlo evaluation of the fraction of electrons backscattered from polymethylmethacrylate},
	author={Dapor, Maurizio},
	journal={Applied Surface Science},
	volume={391},
	pages={3--11},
	year={2017},
	publisher={Elsevier}
}

@article{Valentin,
	title={Geant4 physics processes for microdosimetry simulation: Very low energy electromagnetic models for electrons in silicon},
	author={Valentin, Audrey and Raine, M and Sauvestre, J-E and Gaillardin, M and Paillet, P},
	journal={Nuclear Instruments and Methods in Physics Research Section B: Beam Interactions with Materials and Atoms},
	volume={288},
	pages={66--73},
	year={2012},
	publisher={Elsevier}
}

@article{Aktary,
	title={Simulation of the spatial distribution and molecular weight of polymethylmethacrylate fragments in electron beam lithography exposures},
	author={Aktary, M and Stepanova, M and Dew, SK},
	journal={Journal of Vacuum Science \& Technology B: Microelectronics and Nanometer Structures Processing, Measurement, and Phenomena},
	volume={24},
	number={2},
	pages={768--779},
	year={2006},
	publisher={AIP Publishing}
}

@article{Ku1969,
	title={Polymeric electron beam resists},
	author={Ku, HY and Scala, LC},
	journal={Journal of The Electrochemical Society},
	volume={116},
	number={7},
	pages={980},
	year={1969},
	publisher={IOP Publishing}
}

@article{Kirchner_GL_review,
	author = "Kirchner, Robert and Schift, Helmut",
	doi = "10.1016/j.mssp.2018.07.032",
	issn = "13698001",
	journal = "Materials Science in Semiconductor Processing",
	keywords = "Capillary force,Flow,Grayscale,Lithography,Softening,Surface tension,Visco-elasticity",
	number = "March",
	pages = "58--72",
	title = "Thermal reflow of polymers for innovative and smart 3D structures: A review",
	volume = "92",
	year = "2019"
}

@article{NIL_reflow,
	author = {Schleunitz, Arne and Spreu,Christian and Vogler,Marko  and Atasoy,Hakan  and Schift,Helmut },
	title = {Combining nanoimprint lithography and a molecular weight selective thermal reflow for the generation of mixed 3D structures},
	journal = {Journal of Vacuum Science \& Technology B},
	volume = {29},
	number = {6},
	pages = {06FC01},
	year = {2011},
	doi = {10.1116/1.3643761}
}

@article{Aho2008_WLF,
	title={On the measurement and modeling of viscosity of polymers at low temperatures},
	author={Aho, Johanna and Syrj{\"a}l{\"a}, Seppo},
	journal={Polymer Testing},
	volume={27},
	number={1},
	pages={35--40},
	year={2008},
	publisher={Elsevier}
}

@article{Leveder_2008,
	author = {Leveder, Tanguy and Landis, Stefan and Davoust, Laurent},
	doi = {10.1063/1.2828986},
	issn = {00036951},
	journal = {Applied Physics Letters},
	number = {1},
	pages = {90--93},
	title = {{Reflow dynamics of thin patterned viscous films}},
	volume = {92},
	year = {2008}
}

@article{Leveder_2010,
	title={Thin polymer films viscosity measurements from nanopatterning method},
	author={Leveder, Tanguy and Landis, Stefan and Chaix, Nicolas and Davoust, Laurent},
	journal={Journal of Vacuum Science \& Technology B},
	volume={28},
	number={6},
	pages={1251--1258},
	year={2010},
	publisher={American Vacuum Society},
	url={https://doi.org/10.1116/1.3504591}
}

@article{Leveder_2011,
	author = {Leveder, T. and Rognin, E. and Landis, S. and Davoust, L},
	doi = {10.1016/j.mee.2011.01.078},
	issn = {01679317},
	journal = {Microelectronic Engineering},
	number = {8},
	pages = {1867--1870},
	publisher = {Elsevier B.V.},
	title = {{Reflow of supported sub-100 nm polymer films as a characterization process for NanoImprint lithography}},
	url = {http://dx.doi.org/10.1016/j.mee.2011.01.078 https://linkinghub.elsevier.com/retrieve/pii/S0167931711001560},
	volume = {88},
	year = {2011}
}

@article{Bueche_3p4_1p4,
	author = {Bueche, F.},
	doi = {10.1063/1.1722082},
	file = {:Volumes/Transcend/Mendeley/Bueche/Bueche{\_}2008{\_}Viscoelasticity of Poly Methacrylates.pdf:pdf},
	issn = {0021-8979},
	journal = {Journal of Applied Physics},
	month = {jun},
	number = {6},
	pages = {738--749},
	title = {{Viscoelasticity of Poly Methacrylates}},
	url = {http://aip.scitation.org/doi/10.1063/1.1722082},
	volume = {26},
	year = {1955}
}

@article{Brakke_SE,
	author = {Brakke, Kenneth A.},
	doi = {10.1080/10586458.1992.10504253},
	issn = {1058-6458},
	journal = {Experimental Mathematics},
	number = {2},
	pages = {141--165},
	title = {{The Surface Evolver}},
	url = {http://www.tandfonline.com/doi/abs/10.1080/10586458.1992.10504253},
	volume = {1},
	year = {1992}
}

@article{Kirchner_SE_1,
	author = {Kirchner, Robert and Schift, Helmut},
	title = {Mobility based 3D simulation of selective, viscoelastic polymer reflow using surface evolver},
	journal = {Journal of Vacuum Science \& Technology B},
	volume = {32},
	number = {6},
	pages = {06F701},
	year = {2014},
	url = {https://doi.org/10.1116/1.4896480},
}

@article{Kirchner_SE_2,
	author = {Kirchner, Robert and Schleunitz, Arne and Schift, Helmut},
	year = {2014},
	month = {04},
	pages = {055010 (7pp)},
	title = {Energy-based thermal reflow simulation for 3D polymer shape prediction using Surface Evolver},
	volume = {24},
	journal = {Journal of Micromechanics and Microengineering},
	doi = {10.1088/0960-1317/24/5/055010}
}

@inproceedings{Kirchner_2017,
	title={How post-processing by selective thermal reflow can reduce the roughness of 3D lithography in micro-optical lenses},
	author={Kirchner, Robert and Chidambaram, Nachiappan and Altana, Mirco and Schift, Helmut},
	booktitle={Laser 3D Manufacturing IV},
	volume={10095},
	pages={8--16},
	year={2017},
	organization={SPIE}
}

@article{my_MEE,
	title={Direct Monte-Carlo simulation of dry e-beam etching of resist},
	author={Sidorov, F. and Rogozhin, A. and Bruk, M. and Zhikharev, E.},
	journal={Microelectronic Engineering},
	volume={227},
	pages={111313},
	year={2020},
	url={https://doi.org/10.1016/j.mee.2020.111313}
}

@article{bird1987dynamics_WLF,
	title={Dynamics of polymeric liquids. Vol. 1: Fluid mechanics},
	author={Bird, Robert Byron and Armstrong, Robert Calvin and Hassager, Ole},
	year={1987},
	publisher={John Wiley and Sons Inc., New York, NY}
}

@article{SE_example_1,
	author = {Robert Phelan and Denis Weaire and Kenneth Brakke},
	title = {Computation of Equilibrium Foam Structures Using the Surface Evolver},
	journal = {Experimental Mathematics},
	volume = {4},
	number = {3},
	pages = {181-192},
	year  = {1995},
	publisher = {Taylor & Francis},
	doi = {10.1080/10586458.1995.10504320},
	URL = {https://doi.org/10.1080/10586458.1995.10504320}
}

@article{SE_example_2,
	title = {Numerical simulation of two-phase droplets on a curved surface using Surface Evolver},
	journal = {Colloids and Surfaces A: Physicochemical and Engineering Aspects},
	volume = {629},
	pages = {127418},
	year = {2021},
	issn = {0927-7757},
	doi = {https://doi.org/10.1016/j.colsurfa.2021.127418},
	url = {https://www.sciencedirect.com/science/article/pii/S0927775721012875},
	author = {M. Jamali and H. Vahedi Tafreshi}
}







