@article{Hohmann2015,
	author = {Hohmann, Judith K. and Renner, Michael and Waller, Erik H. and von Freymann, Georg},
	doi = {10.1002/adom.201500328},
	file = {:Volumes/Transcend/Mendeley/Hohmann et al/Hohmann et al.{\_}2015{\_}Three-Dimensional $\mu$-Printing An Enabling Technology.pdf:pdf},
	issn = {21951071},
	journal = {Advanced Optical Materials},
	keywords = {3D printing,Cell-growth templates,Direct laser writing,Laser lithography,Metamaterials,Microprinting,Nanophotonics,$\mu$-printing},
	number = {11},
	pages = {1488--1507},
	title = {{Three-Dimensional $\mu$-Printing: An Enabling Technology}},
	url = {https://onlinelibrary.wiley.com/doi/10.1002/adom.201500328},
	volume = {3},
	year = {2015}
}

@article{Kawata2001,
	author = {Kawata, Satoshi and Sun, Hong-Bo and Tanaka, Tomokazu and Takada, Kenji},
	doi = {10.1038/35089130},
	issn = {0028-0836},
	journal = {Nature},
	number = {6848},
	pages = {697--698},
	title = {{Finer features for functional microdevices}},
	url = {https://doi.org/10.1038/35089130 http://www.nature.com/articles/35089130},
	volume = {412},
	year = {2001}
}

@article{TPL_castle,
	author = {Jaiswal, Arun and Rani, Sweta and Singh, Gaurav Pratap and Hassan, Mahbub and Nasrin, Aklima and Gomes, Vincent G. and Saxena, Sumit and Shukla, Shobha},
	doi = {10.1021/acsnano.1c01083},
	issn = {1936-0851},
	journal = {ACS Nano},
	number = {9},
	pages = {14193--14206},
	title = {{Additive-Free All-Carbon Composite: A Two-Photon Material System for Nanopatterning of Fluorescent Sub-Wavelength Structures}},
	url = {https://pubs.acs.org/doi/10.1021/acsnano.1c01083},
	volume = {15},
	year = {2021}
}

@article{TPL_microfluidics_1,
	author = {Waheed, Sidra and Cabot, Joan M. and Macdonald, Niall P. and Lewis, Trevor and Guijt, Rosanne M. and Paull, Brett and Breadmore, Michael C.},
	doi = {10.1039/C6LC00284F},
	file = {:Volumes/Transcend/Mendeley/Waheed et al/Waheed et al.{\_}2016{\_}3D printed microfluidic devices Enablers and barriers.pdf:pdf},
	issn = {1473-0197},
	journal = {Lab on a Chip},
	number = {11},
	pages = {1993--2013},
	title = {{3D printed microfluidic devices: enablers and barriers}},
	url = {http://xlink.rsc.org/?DOI=C6LC00284F},
	volume = {16},
	year = {2016}
}

@article{TPL_microfluidics_2,
	author = {Dittrich, Petra S. and Schwille, Petra},
	doi = {10.1021/ac025625p},
	issn = {0003-2700},
	journal = {Analytical Chemistry},
	number = {17},
	pages = {4472--4479},
	title = {{Spatial Two-Photon Fluorescence Cross-Correlation Spectroscopy for Controlling Molecular Transport in Microfluidic Structures}},
	url = {https://pubs.acs.org/doi/10.1021/ac025625p},
	volume = {74},
	year = {2002}
}

@article{TPL_biology_1,
	author = {Marino, Attilio and Filippeschi, Carlo and Mattoli, Virgilio and Mazzolai, Barbara and Ciofani, Gianni},
	doi = {10.1039/C4NR06500J},
	issn = {2040-3364},
	journal = {Nanoscale},
	number = {7},
	pages = {2841--2850},
	title = {{Biomimicry at the nanoscale: current research and perspectives of two-photon polymerization}},
	url = {http://xlink.rsc.org/?DOI=C4NR06500J},
	volume = {7},
	year = {2015}
}

@article{TPL_biology_2,
	author = {Marino, Attilio and Ciofani, Gianni and Filippeschi, Carlo and Pellegrino, Mario and Pellegrini, Monica and Orsini, Paolo and Pasqualetti, Massimo and Mattoli, Virgilio and Mazzolai, Barbara},
	title = {Two-Photon Polymerization of Sub-micrometric Patterned Surfaces: Investigation of Cell-Substrate Interactions and Improved Differentiation of Neuron-like Cells},
	journal = {ACS Applied Materials \& Interfaces},
	volume = {5},
	number = {24},
	pages = {13012-13021},
	year = {2013},
	doi = {10.1021/am403895k},
	note ={PMID: 24309089},
	URL = {https://doi.org/10.1021/am403895k}
}

@article{TPL_optics,
	author = {Thiele, Simon and Arzenbacher, Kathrin and Gissibl, Timo and Giessen, Harald and Herkommer, Alois M.},
	doi = {10.1126/sciadv.1602655},
	issn = {2375-2548},
	journal = {Science Advances},
	number = {2},
	title = {{3D-printed eagle eye: Compound microlens system for foveated imaging}},
	url = {https://www.science.org/doi/10.1126/sciadv.1602655},
	volume = {3},
	year = {2017}
}

@article{TPL_nanophotonics,
	author = {von Freymann, Georg and Ledermann, Alexandra and Thiel, Michael and Staude, Isabelle and Essig, Sabine and Busch, Kurt and Wegener, Martin},
	doi = {10.1002/adfm.200901838},
	issn = {1616301X},
	journal = {Advanced Functional Materials},
	number = {7},
	pages = {1038--1052},
	title = {{Three-Dimensional Nanostructures for Photonics}},
	url = {https://onlinelibrary.wiley.com/doi/10.1002/adfm.200901838},
	volume = {20},
	year = {2010}
}

@article{NIL_1,
	author = {Chou, Stephen Y.},
	doi = {10.1116/1.588605},
	file = {:Volumes/Transcend/Mendeley/Chou/Chou{\_}2003{\_}Nanoimprint lithography.pdf:pdf},
	issn = {0734211X},
	journal = {Journal of Vacuum Science {\&} Technology B: Microelectronics and Nanometer Structures},
	number = {6},
	pages = {4129},
	title = {{Nanoimprint lithography}},
	url = {http://scitation.aip.org/content/avs/journal/jvstb/14/6/10.1116/1.588605},
	volume = {14},
	year = {1996}
}

@article{NIL_2,
	author = {Guo, L. J.},
	doi = {10.1002/adma.200600882},
	file = {:Volumes/Transcend/Mendeley/Guo/Guo{\_}2007{\_}Nanoimprint lithography Methods and material requirements.pdf:pdf},
	issn = {09359648},
	journal = {Advanced Materials},
	number = {4},
	pages = {495--513},
	title = {{Nanoimprint Lithography: Methods and Material Requirements}},
	url = {https://onlinelibrary.wiley.com/doi/10.1002/adma.200600882},
	volume = {19},
	year = {2007}
}

@article{NIL_3D_1,
	author = {Konijn, M. and Alkaisi, M. M. and Blaikie, R. J.},
	doi = {10.1016/j.mee.2004.12.081},
	file = {:Volumes/Transcend/Mendeley/Konijn, Alkaisi, Blaikie/Konijn, Alkaisi, Blaikie{\_}2005{\_}Nanoimprint lithography of sub-100 nm 3D structures.pdf:pdf},
	issn = {01679317},
	journal = {Microelectronic Engineering},
	keywords = {3D Nanoimprint lithography,Low temperature imprint,Reactive ion etching,Silicon nitride molds},
	number = {1-4},
	pages = {653--658},
	title = {{Nanoimprint lithography of sub-100 nm 3D structures}},
	volume = {78-79},
	year = {2005}
}

@article{NIL_3D_2,
	author = {Bar-On, Ofer and Brenner, Philipp and Siegle, Tobias and Gvishi, Raz and Kalt, Heinz and Lemmer, Uli and Scheuer, Jacob},
	doi = {10.1038/s41598-018-26261-3},
	file = {:Volumes/Transcend/Mendeley/Bar-On et al/Bar-On et al.{\_}2018{\_}High Quality 3D Photonics using Nano Imprint Lithography of Fast Sol-gel Materials.pdf:pdf},
	issn = {20452322},
	journal = {Scientific Reports},
	number = {1},
	pages = {1--7},
	pmid = {29777156},
	publisher = {Springer US},
	title = {{High Quality 3D Photonics using Nano Imprint Lithography of Fast Sol-gel Materials}},
	url = {http://dx.doi.org/10.1038/s41598-018-26261-3},
	volume = {8},
	year = {2018}
}

@article{NIL_nanophotonics,
	author = {Yao, Yuhan and Liu, He and Wang, Yifei and Li, Yuanrui and Song, Boxiang and Bratkovsk, Alexandre and Wang, Shih Yuan and Wu, Wei},
	doi = {10.1007/s00339-015-9438-z},
	file = {:Volumes/Transcend/Mendeley/Yao et al/Yao et al.{\_}2015{\_}Nanoimprint lithography an enabling technology for nanophotonics.pdf:pdf},
	issn = {14320630},
	journal = {Applied Physics A: Materials Science and Processing},
	number = {2},
	pages = {327--333},
	publisher = {Springer Berlin Heidelberg},
	title = {{Nanoimprint lithography: an enabling technology for nanophotonics}},
	volume = {121},
	year = {2015}
}

@article{NIL_microfluidics,
	author = {Guo, L. Jay and Cheng, Xing and Chou, Chia Fu},
	doi = {10.1021/nl034877i},
	file = {:Volumes/Transcend/Mendeley/Guo, Cheng, Chou/Guo, Cheng, Chou{\_}2004{\_}Fabrication of Size-Controllable Nanofluidic Channels by Nanoimprinting and Its Application for DNA Stretching.pdf:pdf},
	issn = {15306984},
	journal = {Nano Letters},
	number = {1},
	pages = {69--73},
	title = {{Fabrication of Size-Controllable Nanofluidic Channels by Nanoimprinting and Its Application for DNA Stretching}},
	volume = {4},
	year = {2004}
}

@article{SPL_mechanical,
	author = {Shim, Wooyoung and Brown, Keith A. and Zhou, Xiaozhu and Rasin, Boris and Liao, Xing and Schmucker, Abrin L. and Mirkin, Chad A.},
	doi = {10.1002/smll.201203014},
	file = {:Volumes/Transcend/Mendeley/Shim et al/Shim et al.{\_}2013{\_}Plow and ridge nanofabrication.pdf:pdf},
	issn = {16136810},
	journal = {Small},
	keywords = {atomic force microscopy,nanofabrication,nanolithography,polymers,scanning probe microscopy},
	number = {18},
	pages = {3058--3062},
	pmid = {23427089},
	title = {{Plow and ridge nanofabrication}},
	volume = {9},
	year = {2013}
}

@article{SPL_termochemical,
	author = {Szoszkiewicz, Robert and Okada, Takashi and Jones, Simon C. and Li, Tai De and King, William P. and Marder, Seth R. and Riedo, Elisa},
	doi = {10.1021/nl070300f},
	issn = {15306984},
	journal = {Nano Letters},
	number = {4},
	pages = {1064--1069},
	pmid = {17385937},
	title = {{High-speed, sub-15 nm feature size thermochemical nanolithography}},
	volume = {7},
	year = {2007}
}

@article{SPL_bias_liquid,
	author = {Suez, Itai and Rolandi, Marco and Backer, Scott A. and Scholl, Andreas and Doran, Andrew and Okawa, David and Zettl, Alex and Fr{\'{e}}chet, Jean M.J.},
	doi = {10.1002/adma.200700716},
	file = {:Volumes/Transcend/Mendeley/Suez et al/Suez et al.{\_}2007{\_}High-field scanning probe lithography in hexadecane Transitioning from field induced oxidation to solvent decomposition.pdf:pdf},
	issn = {09359648},
	journal = {Advanced Materials},
	number = {21},
	pages = {3570--3573},
	title = {{High-field scanning probe lithography in hexadecane: Transitioning from field induced oxidation to solvent decomposition through surface modification}},
	volume = {19},
	year = {2007}
}

@article{SPL_bias_gas,
	author = {Garcia, R. and Losilla, N. S. and Mart{\'{i}}nez, J. and Martinez, R. V. and Palomares, F. J. and Huttel, Y. and Calvaresi, M. and Zerbetto, F.},
	doi = {10.1063/1.3374885},
	file = {:Volumes/Transcend/Mendeley/Garcia et al/Garcia et al.{\_}2010{\_}Nanopatterning of carbonaceous structures by field-induced carbon dioxide splitting with a force microscope.pdf:pdf},
	issn = {00036951},
	journal = {Applied Physics Letters},
	number = {14},
	pages = {1--4},
	title = {{Nanopatterning of carbonaceous structures by field-induced carbon dioxide splitting with a force microscope}},
	volume = {96},
	year = {2010}
}

@article{SPL_oxidation,
	author = {Dagata, J. A. and Schneir, J. and Harary, H. H. and Evans, C. J. and Postek, M. T. and Bennett, J.},
	doi = {10.1063/1.102999},
	file = {:Volumes/Transcend/Mendeley/Dagata et al/Dagata et al.{\_}1990{\_}Modification of hydrogen-passivated silicon by a scanning tunneling microscope operating in air.pdf:pdf},
	issn = {00036951},
	journal = {Applied Physics Letters},
	number = {20},
	pages = {2001--2003},
	title = {{Modification of hydrogen-passivated silicon by a scanning tunneling microscope operating in air}},
	volume = {56},
	year = {1990}
}

@article{SPL_dip_pen_1,
	doi = {10.1038/nnano.2007.39},
	file = {:Volumes/Transcend/Mendeley/Salaita, Wang, Mirkin/Salaita, Wang, Mirkin{\_}2007{\_}Applications of dip-pen nanolithography.pdf:pdf},
	issn = {17483395},
	journal = {Nature Nanotechnology},
	number = {3},
	pages = {145--155},
	pmid = {18654244},
	title = {{Applications of dip-pen nanolithography}},
	volume = {2},
	year = {2007}
}

@article{SPL_dip_pen_2,
	author = {Bellido, Elena and {De Miguel}, Roc{\'{i}}o and Ruiz-Molina, Daniel and Lostao, Anabel and Maspoch, Daniel},
	doi = {10.1002/adma.200902372},
	file = {:Volumes/Transcend/Mendeley/Bellido et al/Bellido et al.{\_}2010{\_}Controlling the number of proteins with dip-pen nanolithography.pdf:pdf},
	issn = {09359648},
	journal = {Advanced Materials},
	number = {3},
	pages = {352--355},
	pmid = {20217717},
	title = {{Controlling the number of proteins with dip-pen nanolithography}},
	volume = {22},
	year = {2010}
}

@article{IL_metamaterials,
	author = {Feth, Nils and Enkrich, Christian and Wegener, Martin and Linden, Stefan},
	doi = {10.1364/oe.15.000501},
	issn = {10944087},
	journal = {Optics Express},
	number = {2},
	pages = {501},
	title = {{Large-area magnetic metamaterials via compact interference lithography}},
	volume = {15},
	year = {2007}
}

@article{IL_nanophotonics,
	author = {Divliansky, Ivan and Mayer, Theresa S. and Holliday, Kito S. and Crespi, Vincent H.},
	doi = {10.1063/1.1560860},
	issn = {00036951},
	journal = {Applied Physics Letters},
	number = {11},
	pages = {1667--1669},
	title = {{Fabrication of three-dimensional polymer photonic crystal structures using single diffraction element interference lithography}},
	volume = {82},
	year = {2003}
}

@article{IL_biomedical,
	author = {Stankevicius, E. and Balciunas, E. and Malinauskas, M. and Raciukaitis, G. and Baltriukiene, D. and Bukelskiene, V.},
	doi = {10.1117/12.922793},
	isbn = {9780819491251},
	issn = {0277786X},
	journal = {Laser Sources and Applications},
	keywords = {artificial scaffolds,biocompatible materials,biodegradable photopolymers,holographic lithography,peg-da,tissue engineering,two-photon polymerization},
	pages = {843312},
	title = {{Holographic lithography for biomedical applications}},
	volume = {8433},
	year = {2012}
}

@article{IL_self-assembly,
	author = {Jung, Yeon Sik and Chang, J. B. and Verploegen, Eric and Berggren, Karl K. and Ross, C. A.},
	doi = {10.1021/nl904141r},
	issn = {15306984},
	journal = {Nano Letters},
	keywords = {Block copolymer,Nanowire,Poly(dimethylsiloxane),Self-assembly,Solvent anneal},
	number = {3},
	pages = {1000--1005},
	pmid = {20146429},
	title = {{A path to ultranarrow patterns using self-assembled lithography}},
	volume = {10},
	year = {2010}
}

@article{IL_X-ray,
	author = {Heyderman, L. J. and Solak, H. H. and David, C. and Atkinson, D. and Cowburn, R. P. and Nolting, F.},
	doi = {10.1063/1.1821649},
	issn = {00036951},
	journal = {Applied Physics Letters},
	number = {21},
	pages = {4989--4991},
	title = {{Arrays of nanoscale magnetic dots: Fabrication by x-ray interference lithography and characterization}},
	volume = {85},
	year = {2004}
}

@article{IL_free_e_laser,
	author = {Galayda, John N. and Arthur, John and Ratner, Daniel F. and White, William E.},
	doi = {10.1364/JOSAB.27.00B106},
	issn = {0740-3224},
	journal = {Journal of the Optical Society of America B},
	number = {11},
	pages = {B106},
	title = {{X-ray free-electron lasers—present and future capabilities [Invited]}},
	url = {https://opg.optica.org/abstract.cfm?URI=josab-27-11-B106},
	volume = {27},
	year = {2010}
}

@article{IL_general,
	author = {Lu, Cheng and Lipson, R. H.},
	doi = {10.1002/lpor.200810061},
	issn = {18638880},
	journal = {Laser and Photonics Reviews},
	keywords = {Diffraction and scattering,Interference,Interferometry,Phase shifting,Photolithography,Photonic bandgap materials,Photoresists},
	number = {4},
	pages = {568--580},
	title = {{Interference lithography: A powerful tool for fabricating periodic structures}},
	volume = {4},
	year = {2010}
}

@article{GL_general,
	author = {Loomis, James and Ratnayake, Dilan and McKenna, Curtis and Walsh, Kevin M.},
	doi = {10.1117/1.jmm.15.1.013511},
	issn = {1932-5150},
	journal = {Journal of Micro/Nanolithography, MEMS, and MOEMS},
	keywords = {2015,2016,23,3,8,accepted for publication mar,automated con-,grayscale,laser pattern generator,paper 15191 received dec,photolithography,published online mar,thermal reflow,three-dimensional microelectromechanical systems,version},
	number = {1},
	pages = {013511},
	title = {{Grayscale lithography—automated mask generation for complex three-dimensional topography}},
	volume = {15},
	year = {2016}
}

@article{GL_MEMS,
	author = {McKenna, Curt and Walsh, Kevin and Crain, Mark and Lake, Joseph},
	doi = {10.1109/UGIM.2010.5508906},
	isbn = {9781424447329},
	issn = {07496877},
	journal = {Biennial University/Government/Industry Microelectronics Symposium - Proceedings},
	keywords = {Maskless Direct Write Grayscale Lithography for MEMS Applications},
	title = {{Maskless direct write grayscale lithography for MEMS applications}},
	year = {2010}
}

@article{GL_optics,
	author = {Morgan, Brian and Waits, Christopher M. and Krizmanic, John and Ghodssi, Reza},
	doi = {10.1109/JMEMS.2003.823220},
	issn = {10577157},
	journal = {Journal of Microelectromechanical Systems},
	keywords = {Deep-reactive ion etching (DRIE),Gray-scale lithography,Phase Fresnel lens (PFL),Three-dimensional (3-D) structures},
	number = {1},
	pages = {113--120},
	title = {{Development of a deep silicon phase fresnel lens using gray-scale lithography and deep reactive ion etching}},
	volume = {13},
	year = {2004}
}

@article{GL_microfluidics,
	author = {Nock, Volker and Blaikie, Richard J.},
	doi = {10.1016/j.mee.2008.01.088},
	issn = {01679317},
	journal = {Microelectronic Engineering},
	keywords = {Electron beam lithography,Grayscale lithography,Tapered microchannels,Thick photoresist},
	number = {5-6},
	pages = {1077--1082},
	title = {{Fabrication of optical grayscale masks for tapered microfluidic devices}},
	volume = {85},
	year = {2008}
}

@article{Kirchner_reflow,
	author = {Kirchner, Robert and Schift, Helmut},
	doi = {10.1116/1.4896480},
	title = {{Mobility based 3D simulation of selective , viscoelastic polymer reflow using surface evolver Mobility based 3D simulation of selective , viscoelastic polymer reflow}},
	volume = {701},
	year = {2014}
}

@article{Kirchner_GL_review,
	author = {Kirchner, Robert and Schift, Helmut},
	doi = {10.1016/j.mssp.2018.07.032},
	issn = {13698001},
	journal = {Materials Science in Semiconductor Processing},
	keywords = {Capillary force,Flow,Grayscale,Lithography,Softening,Surface tension,Visco-elasticity},
	number = {March},
	pages = {58--72},
	title = {{Thermal reflow of polymers for innovative and smart 3D structures: A review}},
	volume = {92},
	year = {2019}
}

@article{Stepanova_2006,
	author = {Aktary, M. and Stepanova, M. and Dew, S. K.},
	doi = {10.1116/1.2181580},
	issn = {10711023},
	journal = {Journal of Vacuum Science {\&} Technology B: Microelectronics and Nanometer Structures},
	number = {2},
	pages = {768},
	title = {{Simulation of the spatial distribution and molecular weight of polymethylmethacrylate fragments in electron beam lithography exposures}},
	url = {http://scitation.aip.org/content/avs/journal/jvstb/24/2/10.1116/1.2181580},
	volume = {24},
	year = {2006}
}

@article{Stepanova_2010,
	author = {Stepanova, M. and Fito, T. and Szab{\'{o}}, Zs. and Alti, K. and Adeyenuwo, A. P. and Koshelev, K. and Aktary, M. and Dew, S. K.},
	doi = {10.1116/1.3497019},
	issn = {2166-2746},
	journal = {Journal of Vacuum Science {\&} Technology B, Nanotechnology and Microelectronics: Materials, Processing, Measurement, and Phenomena},
	number = {6},
	pages = {C6C48--C6C57},
	title = {{Simulation of electron beam lithography of nanostructures}},
	url = {http://avs.scitation.org/doi/10.1116/1.3497019},
	volume = {28},
	year = {2010}
}

@article{Han_2002,
	author = {Han, Geng and Khan, Mumit and Fang, Yanghua and Cerrina, Franco},
	doi = {10.1116/1.1526633},
	issn = {0734211X},
	journal = {Journal of Vacuum Science {\&} Technology B: Microelectronics and Nanometer Structures},
	number = {6},
	pages = {2666},
	title = {{Comprehensive model of electron energy deposition}},
	url = {http://scitation.aip.org/content/avs/journal/jvstb/20/6/10.1116/1.1526633},
	volume = {20},
	year = {2002}
}

@article{rotation_matrices,
	author = {Kuhr, J.-Ch. and Fitting, H.-J.},
	doi = {10.1002/(SICI)1521-396X(199904)172:2<433::AID-PSSA433>3.0.CO;2-X},
	issn = {00318965},
	journal = {physica status solidi (a)},
	number = {2},
	pages = {433--450},
	title = {{Monte-Carlo Simulation of Low Energy Electron Scattering in Solids}},
	url = {https://onlinelibrary.wiley.com/doi/10.1002/(SICI)1521-396X(199904)172:2{\%}3C433::AID-PSSA433{\%}3E3.0.CO;2-X},
	volume = {172},
	year = {1999}
}

@article{Shimizu_Review,
	author = {Shimizu, R. and Ze-Jun, Ding},
	doi = {10.1088/0034-4885/55/4/002},
	issn = {0034-4885},
	journal = {Reports on Progress in Physics},
	number = {4},
	pages = {487--531},
	title = {{Monte Carlo modelling of electron-solid interactions}},
	url = {https://iopscience.iop.org/article/10.1088/0034-4885/55/4/002},
	volume = {55},
	year = {1992}
}

@article{ME_rev_49,
	author = {Shimizu, R. and Kataoka, Y. and Ikuta, T. and Koshikawa, T. and Hashimoto, H.},
	doi = {10.1088/0022-3727/9/1/017},
	issn = {0022-3727},
	journal = {Journal of Physics D: Applied Physics},
	number = {1},
	pages = {101--113},
	title = {{A Monte Carlo approach to the direct simulation of electron penetration in solids}},
	url = {http://stacks.iop.org/0022-3727/9/i=1/a=017?key=crossref.04fc8eb665e8de9c041464922a9f469d},
	volume = {9},
	year = {1976}
}

@article{ME_rev_60,
	author = {Glezos, Nikos and Raptis, I},
	doi = {10.1109/43.486275},
	issn = {02780070},
	journal = {IEEE Transactions on Computer-Aided Design of Integrated Circuits and Systems},
	number = {1},
	pages = {92--102},
	title = {{A fast electron beam lithography simulator based on the Boltzmann transport equation}},
	url = {http://ieeexplore.ieee.org/document/486275/},
	volume = {15},
	year = {1996}
}

@article{ME_rev_61,
	author = {Bethe, H. A. and Rose, M. E. and Smith, L. P.},
	journal = {Proceedings of the American Philosophical Society},
	number = {4},
	pages = {573--585},
	title = {{The Multiple Scattering of Electrons}},
	volume = {78},
	year = {1938}
}

@article{ME_rev_63,
	author = {Lewis, H. W.},
	doi = {10.1103/PhysRev.78.526},
	file = {:Volumes/Transcend/Mendeley/Lewis/Lewis{\_}1950{\_}Multiple scattering in an infinite medium.pdf:pdf},
	issn = {0031-899X},
	journal = {Physical Review},
	number = {5},
	pages = {526--529},
	title = {{Multiple Scattering in an Infinite Medium}},
	url = {https://link.aps.org/doi/10.1103/PhysRev.78.526},
	volume = {78},
	year = {1950}
}


@article{ME_rev_64,
	author = {Glezos, Nikos and Raptis, I},
	doi = {10.1109/43.486275},
	issn = {02780070},
	journal = {IEEE Transactions on Computer-Aided Design of Integrated Circuits and Systems},
	number = {1},
	pages = {92--102},
	title = {{A fast electron beam lithography simulator based on the Boltzmann transport equation}},
	url = {http://ieeexplore.ieee.org/document/486275/},
	volume = {15},
	year = {1996}
}

@book{Dapor_large_book,
	address = {Cham},
	author = {Dapor, Maurizio},
	doi = {10.1007/978-3-319-03883-4},
	isbn = {978-3-319-03882-7},
	publisher = {Springer International Publishing},
	series = {Springer Tracts in Modern Physics},
	title = {{Transport of Energetic Electrons in Solids}},
	url = {http://link.springer.com/10.1007/978-3-319-03883-4},
	volume = {257},
	year = {2014}
}

@article{Czyzewski_mott_cs,
	author = {Czy{\.{z}}ewski, Zbigniew and MacCallum, Danny O.Neill and Romig, Alton and Joy, David C.},
	doi = {10.1063/1.346400},
	issn = {0021-8979},
	journal = {Journal of Applied Physics},
	number = {7},
	pages = {3066--3072},
	title = {{Calculations of Mott scattering cross section}},
	url = {http://aip.scitation.org/doi/10.1063/1.346400},
	volume = {68},
	year = {1990}
}

@article{Bethe,
	author = {Bethe, H.},
	number = {5},
	pages = {77--154},
	title = {{Theory of the Passage of Fast Corpuscular Rays Through Matter}},
	url = {http://www.worldscientific.com/doi/abs/10.1142/9789812795755{\_}0003},
	volume = {5},
	year = {1930}
}

@article{Bethe_corrected,
	author = {Rao‐Sahib, T. S. and Wittry, D. B.},
	doi = {10.1063/1.1663184},
	issn = {0021-8979},
	journal = {Journal of Applied Physics},
	number = {11},
	pages = {5060--5068},
	title = {{X‐ray continuum from thick elemental targets for 10–50‐keV electrons}},
	url = {http://aip.scitation.org/doi/10.1063/1.1663184},
	volume = {45},
	year = {1974}
}

@article{Bethe_corr_2ndary_e,
	author = {Joy, David C.},
	doi = {10.1111/j.1365-2818.1987.tb02817.x},
	issn = {13652818},
	journal = {Journal of Microscopy},
	keywords = {Monte Carlo model,image simulation,secondary cascade},
	number = {1},
	pages = {51--64},
	title = {{A model for calculating secondary and backscattered electron yields}},
	volume = {147},
	year = {1987}
}

@book{Lindhard,
	title={Stopping power of electron gas and equipartition rule},
	author={Lindhard, Jens and Winther, Aage and others},
	year={1964},
	publisher={Munksgaard}
}

@article{Ciappa_2010,
	title={Monte Carlo modeling in the low-energy domain of the secondary electron emission of polymethylmethacrylate for critical-dimension scanning electron microscopy},
	author={Dapor, Maurizio and Ciappa, Mauro and Fichtner, Wolfgang},
	journal={Journal of Micro/Nanolithography, MEMS, and MOEMS},
	volume={9},
	number={2},
	pages={023001},
	year={2010},
	publisher={SPIE}
}

@article{Ritchie_ELF,
	author = {Ritchie, R. H.},
	doi = {10.1103/PhysRev.114.644},
	issn = {0031-899X},
	number = {3},
	pages = {644--654},
	title = {{Interaction of Charged Particles with a Degenerate Fermi-Dirac Electron Gas}},
	url = {https://link.aps.org/doi/10.1103/PhysRev.114.644},
	volume = {114},
	year = {1959}
}

@article{Dapor_2015_oscillators,
	author = {Dapor, Maurizio},
	doi = {10.1016/j.nimb.2014.11.101},
	issn = {0168583X},
	journal = {Nuclear Instruments and Methods in Physics Research, Section B: Beam Interactions with Materials and Atoms},
	keywords = {Electron differential inverse inelastic mean free,Electron inelastic mean free path,Polymethylmethacrylate,Range of penetration,Stopping power},
	pages = {190--194},
	publisher = {Elsevier B.V.},
	title = {{Energy loss of fast electrons impinging upon polymethylmethacrylate}},
	url = {http://dx.doi.org/10.1016/j.nimb.2014.11.101},
	volume = {352},
	year = {2015}
}

@book{Palik,
	address = {USA},
	author = {Palik, Edward D.},
	booktitle = {Handbook of Optical Constants of Solids},
	editor = {Palik, Edward D.},
	file = {:Volumes/Transcend/Mendeley/Palik/Palik{\_}1998{\_}Handbook of Optical Constants of Solids.pdf:pdf},
	publisher = {Academic Press},
	title = {{Handbook of Optical Constants of Solids}},
	year = {1998}
}

@article{Henke_photoabs,
	author = {Henke, B.L. and Gullikson, E.M. and Davis, J.C.},
	doi = {10.1006/adnd.1993.1013},
	issn = {0092640X},
	journal = {Atomic Data and Nuclear Data Tables},
	number = {2},
	pages = {181--342},
	title = {{X-Ray Interactions: Photoabsorption, Scattering, Transmission, and Reflection at E = 50-30,000 eV, Z = 1-92}},
	url = {https://linkinghub.elsevier.com/retrieve/pii/S0092640X83710132},
	volume = {54},
	year = {1993}
}

@techreport{Biggs_cs,
	title={Analytical approximations for x-ray cross sections III},
	author={Biggs, Frank and Lighthill, Ruth},
	year={1988},
	institution={Sandia National Labs., Albuquerque, NM (USA)}
}

@article{Ashley_LxSx,
	author = {Ashley, J.C.},
	doi = {10.1016/0368-2048(82)85041-X},
	issn = {03682048},
	journal = {Journal of Electron Spectroscopy and Related Phenomena},
	number = {2},
	pages = {177--194},
	title = {{Simple model for electron inelastic mean free paths: Application to condensed organic materials}},
	url = {https://linkinghub.elsevier.com/retrieve/pii/036820488285041X},
	volume = {28},
	year = {1982}
}

@article{Ritchie_Drude,
	author = {Ritchie, R. H. and Howie, A.},
	doi = {10.1080/14786437708244948},
	issn = {00318086},
	journal = {Philosophical Magazine},
	number = {2},
	pages = {463--481},
	title = {{Electron excitation and the optical potential in electron microscopy}},
	volume = {36},
	year = {1977}
}

@article{Mermin,
	author = {Mermin, N. D.},
	doi = {10.1103/PhysRevB.1.2362},
	issn = {0556-2805},
	journal = {Physical Review B},
	number = {5},
	pages = {2362--2363},
	title = {{Lindhard Dielectric Function in the Relaxation-Time Approximation}},
	url = {https://link.aps.org/doi/10.1103/PhysRevB.1.2362},
	volume = {1},
	year = {1970}
}

@article{DeVera_MELF_params,
	author = {de Vera, Pablo and Abril, Isabel and Garcia-Molina, Rafael},
	doi = {10.1063/1.3581120},
	issn = {0021-8979},
	journal = {Journal of Applied Physics},
	number = {9},
	pages = {094901},
	title = {{Inelastic scattering of electron and light ion beams in organic polymers}},
	url = {http://aip.scitation.org/doi/10.1063/1.3581120},
	volume = {109},
	year = {2011}
}

@article{Boyd_1,
	author = {Boyd, Richard H.},
	doi = {10.1063/1.1730350},
	issn = {0021-9606},
	journal = {The Journal of Chemical Physics},
	number = {2},
	pages = {321--328},
	title = {{Theoretical Depolymerization Kinetics in Polymers Having an Initial ``Most Probable'' Molecular Weight Distribution}},
	url = {http://aip.scitation.org/doi/10.1063/1.1730350},
	volume = {31},
	year = {1959}
}

@article{Boyd_2,
	author = {Boyd, Richard H. and Lin, Tungpo},
	doi = {10.1063/1.1727679},
	issn = {0021-9606},
	journal = {The Journal of Chemical Physics},
	number = {3},
	pages = {773--777},
	title = {{Theoretical Depolymerization Kinetics. II. The Effect of Molecular‐Weight Distribution in Degrading Polymers Undergoing End‐Group Initiation}},
	url = {http://aip.scitation.org/doi/10.1063/1.1727679},
	volume = {45},
	year = {1966}
}

@article{Boyd_3,
	author = {Boyd, Richard H. and Lin, Tung‐Po},
	doi = {10.1063/1.1727680},
	issn = {0021-9606},
	journal = {The Journal of Chemical Physics},
	number = {3},
	pages = {778--781},
	title = {{Theoretical Depolymerization Kinetics. III. The Effect of Molecular‐Weight Distribution in Degrading Polymers Undergoing Random‐Scission Initiation}},
	url = {http://aip.scitation.org/doi/10.1063/1.1727679 http://aip.scitation.org/doi/10.1063/1.1727680},
	volume = {45},
	year = {1966}
}

@article{chain_transfer_polymerization,
	author = {Gridnev, Alexei A. and Ittel, Steven D.},
	doi = {10.1021/cr9901236},
	issn = {0009-2665},
	journal = {Chemical Reviews},
	number = {12},
	pages = {3611--3660},
	pmid = {11740917},
	title = {{Catalytic Chain Transfer in Free-Radical Polymerizations}},
	url = {https://pubs.acs.org/doi/10.1021/cr9901236},
	volume = {101},
	year = {2001}
}

@article{Mita_PMMA_zip_lengths_T,
	author = {Mita, Itaru and Obata, Kazuhito and Horie, Kazuyuki},
	doi = {10.1295/polymj.22.397},
	issn = {0032-3896},
	journal = {Polymer Journal},
	keywords = {benzophenone,degradation,first-order termination,methyl methacrylate,photoinitiation,poly},
	number = {5},
	pages = {397--410},
	title = {{Photoinitiated Thermal Degradation of Polymers II. Poly(methyl methacrylate)}},
	url = {http://www.nature.com/doifinder/10.1295/polymj.22.397},
	volume = {22},
	year = {1990}
}

@article{Schulz-Zimm_distribution,
	author = {Kotliar, A. M.},
	doi = {10.1002/pol.1964.100020304},
	issn = {04492951},
	journal = {Journal of Polymer Science Part A: General Papers},
	number = {3},
	pages = {1057--1067},
	title = {{Evaluation of molecular weight averages resulting from random chain scission process for wide distributions as in polyolefins}},
	url = {https://onlinelibrary.wiley.com/doi/10.1002/pol.1964.100020304},
	volume = {2},
	year = {1964}
}

@article{Schulz-Zimm_distribution_proof,
	author = {Turgman-Cohen, Salomon and Genzer, Jan},
	doi = {10.1021/ma102046q},
	issn = {0024-9297},
	journal = {Macromolecules},
	number = {22},
	pages = {9567--9577},
	title = {{Computer Simulation of Controlled Radical Polymerization: Effect of Chain Confinement Due to Initiator Grafting Density and Solvent Quality in “Grafting From” Method}},
	url = {https://pubs.acs.org/doi/10.1021/ma102046q},
	volume = {43},
	year = {2010}
}

@article{Greeneich1979_Mf_Mn,
	author = {Greeneich, James S.},
	doi = {10.1116/1.570286},
	issn = {0022-5355},
	journal = {Journal of Vacuum Science and Technology},
	number = {6},
	pages = {1749--1753},
	title = {{Impact of electron scattering on linewidth control in electron‐beam lithography}},
	url = {http://avs.scitation.org/doi/10.1116/1.570286},
	volume = {16},
	year = {1979}
}

@article{Charlesby_1964_Gs,
	author = {Charlesby, A. and Moore, N.},
	doi = {10.1016/0020-708X(64)90018-3},
	file = {:Volumes/Transcend/Mendeley/Charlesby, Moore/Charlesby, Moore{\_}1964{\_}Comparison of gamma and ultra-violet radiation effects in polymethyl methacrylate at higher temperatures(2).pdf:pdf},
	issn = {0020708X},
	journal = {The International Journal of Applied Radiation and Isotopes},

	number = {12},
	pages = {703--708},
	pmid = {14248542},
	title = {{Comparison of gamma and ultra-violet radiation effects in polymethyl methacrylate at higher temperatures}},
	url = {https://linkinghub.elsevier.com/retrieve/pii/0020708X64900183},
	volume = {15},
	year = {1964}
}

@article{Leveder_2008,
	author = {Leveder, T. and Landis, S. and Davoust, L.},
	doi = {10.1063/1.2828986},
	issn = {00036951},
	journal = {Applied Physics Letters},
	number = {1},
	pages = {90--93},
	title = {{Reflow dynamics of thin patterned viscous films}},
	volume = {92},
	year = {2008}
}


@article{Leveder_2011,
	author = {Leveder, T and Rognin, E and Landis, S and Davoust, L},
	doi = {10.1016/j.mee.2011.01.078},
	issn = {01679317},
	journal = {Microelectronic Engineering},
	number = {8},
	pages = {1867--1870},
	publisher = {Elsevier B.V.},
	title = {{Reflow of supported sub-100 nm polymer films as a characterization process for NanoImprint lithography}},
	url = {http://dx.doi.org/10.1016/j.mee.2011.01.078 https://linkinghub.elsevier.com/retrieve/pii/S0167931711001560},
	volume = {88},
	year = {2011}
}

@article{depol_general_1,
	author = {Simha, Robert and Wall, L. A. and Blatz, P. J.},
	doi = {10.1002/pol.1950.120050509},
	journal = {Journal of Polymer Science},
	number = {5},
	pages = {615--632},
	title = {{Depolymerization as a chain reaction}},
	url = {https://onlinelibrary.wiley.com/doi/10.1002/pol.1950.120050509},
	volume = {5},
	year = {1950}
}

@article{depol_general_2,
	author = {Cowley, P R E J and Melville, H W},
	doi = {10.1098/rspa.1952.0045},
	issn = {0080-4630},
	journal = {Proceedings of the Royal Society of London. Series A. Mathematical and Physical Sciences},
	number = {1106},
	pages = {320--334},
	title = {{The photo-degradation of polymethylmethacrylate II. Evaluation of absolute rate constants for a depolymerization reaction}},
	url = {https://royalsocietypublishing.org/doi/10.1098/rspa.1952.0045},
	volume = {211},
	year = {1952}
}

@book{Madorsky,
	address = {New York},
	author = {Madorsky, Samuel Leo},
	publisher = {Interscience Publishers},
	title = {{Thermal degradation of organic polymers}},
	year = {1964}
}

@article{Inaba_zip_len,
	author = {Inaba, Atsushi and Kashiwagi, Takashi and Brown, James E.},
	doi = {10.1016/0141-3910(88)90061-4},
	issn = {01413910},
	journal = {Polymer Degradation and Stability},
	number = {1},
	pages = {1--20},
	title = {{Effects of initial molecular weight on thermal degradation of poly(methyl methacrylate): Part 1-Model 1}},
	volume = {21},
	year = {1988}
}

@article{depol_fabrication_probe,
	author = {Knoll, Armin W. and Pires, David and Coulembier, Olivier and Dubois, Philippe and Hedrick, James L. and Frommer, Jane and Duerig, Urs},
	doi = {10.1002/adma.200904386},
	issn = {09359648},
	journal = {Advanced Materials},
	number = {31},
	pages = {3361--3365},
	title = {{Probe-Based 3-D Nanolithography Using Self-Amplified Depolymerization Polymers}},
	url = {https://onlinelibrary.wiley.com/doi/10.1002/adma.200904386},
	volume = {22},
	year = {2010}
}

@article{depol_fabrication_laser,
	author = {Li, Kin and Oprysko, Modest M.},
	doi = {10.1063/1.95793},
	issn = {0003-6951},
	journal = {Applied Physics Letters},
	number = {10},
	pages = {997--999},
	title = {{Laser writing on a novel bilayer resist structure}},
	url = {http://aip.scitation.org/doi/10.1063/1.95793},
	volume = {46},
	year = {1985}
}

@article{Cowley_1952_1,
	author = {Cowley, P R E J and Melville, H W},
	doi = {10.1098/rspa.1952.0013},
	issn = {0080-4630},
	journal = {Proceedings of the Royal Society of London. Series A. Mathematical and Physical Sciences},
	number = {1103},
	pages = {461--481},
	title = {{The photo-degradation of polymethylmethacrylate I. The mechanism of degradation}},
	url = {https://royalsocietypublishing.org/doi/10.1098/rspa.1952.0013},
	volume = {210},
	year = {1952}
}

@article{Cowley_1952_2,
	doi = {10.1098/rspa.1952.0045},
	issn = {0080-4630},
	journal = {Proceedings of the Royal Society of London. Series A. Mathematical and Physical Sciences},
	number = {1106},
	pages = {320--334},
	title = {{The photo-degradation of polymethylmethacrylate II. Evaluation of absolute rate constants for a depolymerization reaction}},
	url = {https://royalsocietypublishing.org/doi/10.1098/rspa.1952.0045},
	volume = {211},
	year = {1952}
}

@article{Grassie1949_1,
	author = {Grassie, N and Melville, H W},
	doi = {10.1098/rspa.1949.0121},
	issn = {2053-9169},
	journal = {Proceedings of the Royal Society of London. Series A. Mathematical and Physical Sciences},
	number = {1056},
	pages = {1--13},
	title = {{The thermal degradation of polyvinyl compounds. I. A new type of molecular still}},
	volume = {199},
	year = {1949}
}

@article{Grassie1949_2,
	author = {Grassie, N and Melville, H W},
	doi = {10.1098/rspa.1949.0122},
	issn = {0080-4630},
	number = {1056},
	pages = {14--23},
	title = {{The thermal degradation of polyvinyl compounds. II. The degradation of benzoyl peroxide catalyzed polymethyl methacrylates}},
	url = {https://royalsocietypublishing.org/doi/10.1098/rspa.1949.0122},
	volume = {199},
	year = {1949}
}

@article{Grassie1949_3,
	author = {Grassie, N and Melville, H W},
	doi = {10.1098/rspa.1949.0123},
	issn = {0080-4630},
	journal = {Proceedings of the Royal Society of London. Series A. Mathematical and Physical Sciences},
	number = {1056},
	pages = {24--39},
	title = {{The thermal degradation of polyvinyl compounds - III. The effect of inhibitors and end groups on the degradation of polymethyl methacrylate}},
	url = {https://royalsocietypublishing.org/doi/10.1098/rspa.1949.0123},
	volume = {199},
	year = {1949}
}

@article{Grassie1949_4,
	author = {Grassie, N and Melville, H W},
	doi = {10.1098/rspa.1949.0124},
	issn = {2053-9169},
	journal = {Proceedings of the Royal Society of London. Series A. Mathematical and Physical Sciences},
	number = {1056},
	pages = {39--55},
	title = {{The thermal degradation of polyvinyl compounds IV. The thermal degradation of the methyl methacrylate copolymers with glycol dimethacrylate and acrylonitrile}},
	volume = {199},
	year = {1949}
}

@article{Bermudez,
	author = {Bermudez, V. M.},
	doi = {10.1116/1.591134},
	journal = {Journal of Vacuum Science {\&} Technology B: Microelectronics and Nanometer Structures},
	number = {6},
	pages = {2512},
	title = {{Low-energy electron-beam effects on poly(methyl methacrylate) resist films}},
	volume = {17},
	year = {1999}
}

@article{Stoliarov,
	author = {Stoliarov, Stanislav I. and Westmoreland, Phillip R. and Nyden, Marc R. and Forney, Glenn P.},
	doi = {10.1016/S0032-3861(02)00761-9},
	issn = {00323861},
	journal = {Polymer},
	keywords = {Poly(methyl methacrylate),Reactive molecular dynamics,Thermal decomposition},
	number = {3},
	pages = {883--894},
	title = {{A reactive molecular dynamics model of thermal decomposition in polymers: I. Poly(methyl methacrylate)}},
	url = {https://linkinghub.elsevier.com/retrieve/pii/S0032386102007619},
	volume = {44},
	year = {2003}
}

@article{Sanchez-Jimenez_Ea,
	author = {S{\'{a}}nchez-Jim{\'{e}}nez, Pedro E. and P{\'{e}}rez-Maqueda, Luis A. and Perej{\'{o}}n, Antonio and Criado, Jos{\'{e}} M.},
	doi = {10.1016/j.polymdegradstab.2010.02.017},
	issn = {01413910},
	journal = {Polymer Degradation and Stability},
	keywords = {Kinetics,Polymer degradation,Random scission},
	number = {5},
	pages = {733--739},
	title = {{A new model for the kinetic analysis of thermal degradation of polymers driven by random scission}},
	url = {https://linkinghub.elsevier.com/retrieve/pii/S0141391010000881},
	volume = {95},
	year = {2010}
}

@article{Fragala_1,
	author = {Fragal{\`{a}}, M. E. and Compagnini, G and Puglisi, O},
	doi = {10.1557/JMR.1999.0034},
	journal = {Journal of Materials Research},
	number = {1},
	pages = {228--231},
	title = {{Ion beam enhanced thermal depolymerization of poly(methyl methacrylate)}},
	url = {http://link.springer.com/10.1557/JMR.1999.0034},
	volume = {14},
	year = {1999}
}

@article{Fragala_2,
	author = {Fragal{\`{a}}, M.E and Compagnini, G and Torrisi, L and Puglisi, O},
	doi = {10.1016/S0168-583X(98)00087-1},
	file = {:Volumes/Transcend/Mendeley/Fragal et al/Fragal et al.{\_}1998{\_}Ion beam assisted unzipping of PMMA.pdf:pdf},
	issn = {0168583X},
	journal = {Nuclear Instruments and Methods in Physics Research Section B: Beam Interactions with Materials and Atoms},
	keywords = {ion beam,pmma,unzipping},
	number = {1-4},
	pages = {169--173},
	title = {{Ion beam assisted unzipping of PMMA}},
	url = {https://linkinghub.elsevier.com/retrieve/pii/S0168583X98000871},
	volume = {141},
	year = {1998}
}

@article{Fragala_3_diffusion,
	author = {Raudino, A and Fragal{\`{a}}, M E and Compagnini, G and Puglisi, O},
	doi = {10.1063/1.479432},
	issn = {0021-9606},
	journal = {The Journal of Chemical Physics},
	number = {4},
	pages = {1721--1731},
	title = {{Modeling of low-temperature depolymerization of poly (methyl methacrylate) promoted by ion beam}},
	url = {http://aip.scitation.org/doi/10.1063/1.479432},
	volume = {111},
	year = {1999}
}

@article{Bruk_2000,
	author = {Брук М.А. и др.},
	journal = {Высокомолекулярные соединения, Серия А},
	number = {2},
	title = {{Радиационная деполимеризация полиметилметакрилата, адсорбированного на силохроме}},
	pages = {256--262},
	year = {1999}
}

@article{Bruk_2013,
	author = {Bruk, M A and Zhikharev, E N and Kal'nov, V A and Spirin, A V and Strel'tsov, D R},
	doi = {10.1134/S106373971305003X},
	issn = {1063-7397},
	journal = {Russian Microelectronics},
	number = {5},
	pages = {261--269},
	title = {{A new method of formation of the masking image (relief) directly during the electron-beam exposure of the resist}},
	url = {https://doi.org/10.1134/S106373971305003X http://link.springer.com/10.1134/S106373971305003X},
	volume = {42},
	year = {2013}
}

@inproceedings{Murali_e_beam_roughness,
	author = {Murali, Raghunath and Seiler, David G. and Diebold, Alain C. and McDonald, Robert and Garner, C. Michael and Herr, Dan and Khosla, Rajinder P. and Secula, Erik M.},
	booktitle = {AIP Conference Proceedings},
	doi = {10.1063/1.2799410},
	isbn = {0735404410},
	issn = {0094243X},
	keywords = {Electron beam lithography,Gratings,Gray scale},
	number = {c},
	pages = {419--422},
	publisher = {AIP},
	title = {{Metrology for Grayscale Lithography}},
	url = {http://aip.scitation.org/doi/abs/10.1063/1.2799410},
	volume = {931},
	year = {2007}
}

@article{Bruk_2016_mee,
	author = {Bruk, M.A. and Zhikharev, E.N. and Rogozhin, A.E. and Streltsov, D.R. and Kalnov, V.A. and Averkin, S.N. and Spirin, A.V.},
	doi = {10.1016/j.mee.2016.03.017},
	issn = {01679317},
	journal = {Microelectronic Engineering},
	keywords = {3D structuring,Diffractive optical elements,Dry electron-beam lithography,Micro- and nanostructures with well-rounded profil,Optoelectronics,micro- and nanostructures with,well-rounded},
	pages = {92--96},
	publisher = {Elsevier B.V.},
	title = {{Formation of micro- and nanostructures with well-rounded profile by new e-beam lithography principle}},
	url = {http://dx.doi.org/10.1016/j.mee.2016.03.017 https://linkinghub.elsevier.com/retrieve/pii/S0167931716301307},
	volume = {155},
	year = {2016}
}

@article{Bruk_2015_co,
	author = {Брук, М.А. and Жихарев, Е.Н. and Стрельцов, Д.Р. and Кальнов, В.А. and Спирин, А.В. and Рогожин, А.Е.},
	journal = {Компьютерная оптика (Computer Optics)},
	keywords = {3D-structures,diffractive optical elements,electron-beam lithography,new dry method of microrelief creation,optoelectronics},
	number = {2},
	pages = {204--210},
	title = {{Некоторые Особенности Нового Метода Формирования Микрорельефа Путём Прямого Электронно-Лучевого Травления Резиста}},
	url = {http://journals.ssau.ru/index.php/computeroptics/article/view/2454},
	volume = {39},
	year = {2015}
}

@article{Mitreska_sin_gratings,
	author = {Mitreska, Z. and Veljanoski, B.},
	doi = {10.1088/0963-9659/6/3/009},
	issn = {0963-9659},
	journal = {Pure and Applied Optics: Journal of the European Optical Society Part A},
	number = {3},
	pages = {405--412},
	title = {{Diffraction of a Hermite - Gaussian laser beam on a thin sinusoidal phase grating}},
	url = {https://iopscience.iop.org/article/10.1088/0963-9659/6/3/009},
	volume = {6},
	year = {1997}
}

@article{Vrentas_free_volume,
	author = {Vrentas, J. S. and Duda, J. L. and Ling, H. ‐C},
	doi = {10.1002/polb.1988.090260510},
	issn = {10990488},
	journal = {Journal of Polymer Science Part B: Polymer Physics},
	number = {5},
	pages = {1059--1065},
	title = {{Influence of the glass transition on solvent self‐diffusion in amorphous polymers}},
	volume = {26},
	year = {1988}
}

@article{Zielinski_free_volume,
	author = {Zielinski, John M and Duda, J L},
	doi = {10.1002/aic.690380309},
	issn = {0001-1541},
	journal = {AIChE Journal},
	number = {3},
	pages = {405--415},
	title = {{Predicting polymer/solvent diffusion coefficients using free-volume theory}},
	url = {https://onlinelibrary.wiley.com/doi/10.1002/aic.690380309},
	volume = {38},
	year = {1992}
}

@article{Tonge_free_volume_parameters,
	author = {Tonge, M. P. and Gilbert, R. G.},
	doi = {10.1016/S0032-3861(00)00518-8},
	issn = {00323861},
	journal = {Polymer},
	keywords = {MMA/PMMA system,Methacrylate,Penetrant},
	number = {4},
	pages = {1393--1405},
	title = {{Testing free volume theory for penetrant diffusion in rubbery polymers}},
	volume = {42},
	year = {2001}
}

@article{Griffiths_MMA_PMMA_diffusion,
	author = {Griffiths, Madeleine C and Strauch, Jelica and Monteiro, Michael J and Gilbert, Robert G},
	doi = {10.1021/ma980169l},
	file = {:Volumes/Transcend/Mendeley/Griffiths et al/Griffiths et al.{\_}1998{\_}Measurement of Diffusion Coefficients of Oligomeric Penetrants in Rubbery Polymer Matrixes.pdf:pdf},
	issn = {0024-9297},
	journal = {Macromolecules},
	number = {22},
	pages = {7835--7844},
	title = {{Measurement of Diffusion Coefficients of Oligomeric Penetrants in Rubbery Polymer Matrixes}},
	url = {https://pubs.acs.org/doi/10.1021/ma980169l},
	volume = {31},
	year = {1998}
}

@article{Brakke_SE,
	author = {Brakke, Kenneth A.},
	doi = {10.1080/10586458.1992.10504253},
	issn = {1058-6458},
	journal = {Experimental Mathematics},
	number = {2},
	pages = {141--165},
	title = {{The Surface Evolver}},
	url = {http://www.tandfonline.com/doi/abs/10.1080/10586458.1992.10504253},
	volume = {1},
	year = {1992}
}

@article{Cui_heating,
	author = {Cui, Z.},
	doi = {10.1088/0022-3727/25/6/003},
	issn = {0022-3727},
	journal = {Journal of Physics D: Applied Physics},
	number = {6},
	pages = {919--923},
	title = {{A new analytical model for simulating resist heating in electron beam lithography}},
	url = {https://iopscience.iop.org/article/10.1088/0022-3727/25/6/003},
	volume = {25},
	year = {1992}
}

@article{Everhart_lambda,
	author = {Everhart, T. E. and Hoff, P. H.},
	doi = {10.1063/1.1660019},
	issn = {00218979},
	journal = {Journal of Applied Physics},
	number = {13},
	pages = {5837--5846},
	title = {{Determination of kilovolt electron energy dissipation vs penetration distance in solid materials}},
	volume = {42},
	year = {1971}
}

@article{ELSEPA,
	author = {Salvat, Francesc and Jablonski, Aleksander and Powell, Cedric J.},
	doi = {10.1016/j.cpc.2004.09.006},
	issn = {00104655},
	journal = {Computer Physics Communications},
	number = {2},
	pages = {157--190},
	title = {{elsepa—Dirac partial-wave calculation of elastic scattering of electrons and positrons by atoms, positive ions and molecules}},
	url = {https://linkinghub.elsevier.com/retrieve/pii/S0010465504004795},
	volume = {165},
	year = {2005}
}

@article{Fronlich_phonons,
	author = {Fr{\"{o}}hlich, H},
	doi = {10.1080/00018735400101213},
	issn = {0001-8732},
	journal = {Advances in Physics},
	number = {11},
	pages = {325--361},
	title = {{Electrons in lattice fields}},
	url = {http://www.tandfonline.com/doi/abs/10.1080/00018735400101213},
	volume = {3},
	year = {1954}
}

@article{Llacer_phonons,
	doi = {10.1063/1.1658075},
	issn = {0021-8979},
	journal = {Journal of Applied Physics},
	number = {7},
	pages = {2766--2775},
	title = {{Electron‐Phonon Interaction in Alkali Halides. I. The Transport of Secondary Electrons with Energies between 0.25 and 7.5 eV}},
	url = {http://aip.scitation.org/doi/10.1063/1.1658075},
	volume = {40},
	year = {1969}
}

@article{Ganachaud_phonons_polarons,
	author = {Ganachaud, J.P. and Mokrani, A.},
	doi = {10.1016/0039-6028(95)00474-2},
	issn = {00396028},
	journal = {Surface Science},
	keywords = {Aluminum oxide,Computer simulations,Dielectric phenomena,Electron-solid interactions,Field effect,Insulating films,Secondary electron emission},
	number = {1-3},
	pages = {329--341},
	title = {{Theoretical study of the secondary electron emission of insulating targets}},
	url = {https://linkinghub.elsevier.com/retrieve/pii/0039602895004742},
	volume = {334},
	year = {1995}
}

@article{Dapor2011,
	author = {Dapor, Maurizio},
	doi = {10.1016/j.nimb.2010.11.029},
	issn = {0168583X},
	journal = {Nuclear Instruments and Methods in Physics Research Section B: Beam Interactions with Materials and Atoms},
	keywords = {Applications of Monte Carlo methods,Electron impact: secondary emission},
	number = {14},
	pages = {1668--1671},
	publisher = {Elsevier B.V.},
	title = {{Secondary electron emission yield calculation performed using two different Monte Carlo strategies}},
	url = {http://dx.doi.org/10.1016/j.nimb.2010.11.029 https://linkinghub.elsevier.com/retrieve/pii/S0168583X10008542},
	volume = {269},
	year = {2011}
}

@article{Karlsson2001_diffusion,
	author = {Karlsson, O.J and Stubbs, J.M and Karlsson, L.E and Sundberg, D.C},
	doi = {10.1016/S0032-3861(00)00765-5},
	file = {:Volumes/Transcend/Mendeley/Karlsson et al/Karlsson et al.{\_}2001{\_}Estimating diffusion coefficients for small molecules in polymers and polymer solutions.pdf:pdf},
	issn = {00323861},
	journal = {Polymer},
	keywords = {diffusion,monomer,polymer},
	number = {11},
	pages = {4915--4923},
	title = {{Estimating diffusion coefficients for small molecules in polymers and polymer solutions}},
	url = {https://linkinghub.elsevier.com/retrieve/pii/S0032386100007655},
	volume = {42},
	year = {2001}
}

@article{Berens_diffusion_Mn,
	author = {Berens, A.R. and Hopfenberg, H.B.},
	doi = {10.1016/S0376-7388(00)81415-5},
	issn = {03767388},
	journal = {Journal of Membrane Science},
	number = {2-3},
	pages = {283--303},
	title = {{Diffusion of organic vapors at low concentrations in glassy PVC, polystyrene, and PMMA}},
	volume = {10},
	year = {1982}
}

@article{Valentin2012_Si,
	author = {Valentin, A and Raine, M and Sauvestre, J.-E. and Gaillardin, M and Paillet, P},
	doi = {10.1016/j.nimb.2012.07.028},
	issn = {0168583X},
	journal = {Nuclear Instruments and Methods in Physics Research Section B: Beam Interactions with Materials and Atoms},
	pages = {66--73},
	publisher = {Elsevier B.V.},
	title = {{Geant4 physics processes for microdosimetry simulation: Very low energy electromagnetic models for electrons in silicon}},
	volume = {288},
	year = {2012}
}

@article{Harris_G_value,
	author = {Harris, R. A.},
	doi = {10.1149/1.2403434},
	issn = {00134651},
	journal = {Journal of The Electrochemical Society},
	keywords = {adhesion,methacrylate,molecular weight,polymer},
	number = {2},
	pages = {270},
	title = {{Polymethyl Methacrylate as an Electron Sensitive Resist}},
	url = {https://iopscience.iop.org/article/10.1149/1.2403434},
	volume = {120},
	year = {1973}
}

@article{Harvey2020_diffraction_gratings,
	author = {Harvey, James E. and Pfisterer, Richard N.},
	doi = {10.1117/1.OE.59.1.017103},
	issn = {0091-3286},
	journal = {Optical Engineering},
	month = {jan},
	number = {01},
	pages = {1},
	title = {{Understanding diffraction grating behavior, part II: parametric diffraction efficiency of sinusoidal reflection (holographic) gratings}},
	url = {https://www.spiedigitallibrary.org/journals/optical-engineering/volume-59/issue-01/017103/Understanding-diffraction-grating-behavior-part-II--parametric-diffraction-efficiency/10.1117/1.OE.59.1.017103.full},
	volume = {59},
	year = {2020}
}










