@article{Hohmann2015,
	author = {Hohmann, Judith K. and Renner, Michael and Waller, Erik H. and von Freymann, Georg},
	doi = {10.1002/adom.201500328},
	file = {:Volumes/Transcend/Mendeley/Hohmann et al/Hohmann et al.{\_}2015{\_}Three-Dimensional $\mu$-Printing An Enabling Technology.pdf:pdf},
	issn = {21951071},
	journal = {Advanced Optical Materials},
	keywords = {3D printing,Cell-growth templates,Direct laser writing,Laser lithography,Metamaterials,Microprinting,Nanophotonics,$\mu$-printing},
	number = {11},
	pages = {1488--1507},
	title = {{Three-Dimensional $\mu$-Printing: An Enabling Technology}},
	url = {https://onlinelibrary.wiley.com/doi/10.1002/adom.201500328},
	volume = {3},
	year = {2015}
}

@article{Kawata2001,
	author = {Kawata, Satoshi and Sun, Hong-Bo and Tanaka, Tomokazu and Takada, Kenji},
	doi = {10.1038/35089130},
	issn = {0028-0836},
	journal = {Nature},
	number = {6848},
	pages = {697--698},
	title = {{Finer features for functional microdevices}},
	url = {https://doi.org/10.1038/35089130 http://www.nature.com/articles/35089130},
	volume = {412},
	year = {2001}
}

@article{TPL_microfluidics_1,
	author = {Waheed, Sidra and Cabot, Joan M. and Macdonald, Niall P. and Lewis, Trevor and Guijt, Rosanne M. and Paull, Brett and Breadmore, Michael C.},
	doi = {10.1039/C6LC00284F},
	file = {:Volumes/Transcend/Mendeley/Waheed et al/Waheed et al.{\_}2016{\_}3D printed microfluidic devices Enablers and barriers.pdf:pdf},
	issn = {1473-0197},
	journal = {Lab on a Chip},
	number = {11},
	pages = {1993--2013},
	title = {{3D printed microfluidic devices: enablers and barriers}},
	url = {http://xlink.rsc.org/?DOI=C6LC00284F},
	volume = {16},
	year = {2016}
}

@article{TPL_microfluidics_2,
	author = {Dittrich, Petra S. and Schwille, Petra},
	doi = {10.1021/ac025625p},
	issn = {0003-2700},
	journal = {Analytical Chemistry},
	number = {17},
	pages = {4472--4479},
	title = {{Spatial Two-Photon Fluorescence Cross-Correlation Spectroscopy for Controlling Molecular Transport in Microfluidic Structures}},
	url = {https://pubs.acs.org/doi/10.1021/ac025625p},
	volume = {74},
	year = {2002}
}


@article{TPL_biology_1,
	author = {Marino, Attilio and Filippeschi, Carlo and Mattoli, Virgilio and Mazzolai, Barbara and Ciofani, Gianni},
	doi = {10.1039/C4NR06500J},
	issn = {2040-3364},
	journal = {Nanoscale},
	number = {7},
	pages = {2841--2850},
	title = {{Biomimicry at the nanoscale: current research and perspectives of two-photon polymerization}},
	url = {http://xlink.rsc.org/?DOI=C4NR06500J},
	volume = {7},
	year = {2015}
}

@article{TPL_biology_2,
	author = {Marino, Attilio and Ciofani, Gianni and Filippeschi, Carlo and Pellegrino, Mario and Pellegrini, Monica and Orsini, Paolo and Pasqualetti, Massimo and Mattoli, Virgilio and Mazzolai, Barbara},
	title = {Two-Photon Polymerization of Sub-micrometric Patterned Surfaces: Investigation of Cell-Substrate Interactions and Improved Differentiation of Neuron-like Cells},
	journal = {ACS Applied Materials \& Interfaces},
	volume = {5},
	number = {24},
	pages = {13012-13021},
	year = {2013},
	doi = {10.1021/am403895k},
	note ={PMID: 24309089},
	URL = { 
	https://doi.org/10.1021/am403895k
	}
	}

@article{TPL_optics,
	author = {Thiele, Simon and Arzenbacher, Kathrin and Gissibl, Timo and Giessen, Harald and Herkommer, Alois M.},
	doi = {10.1126/sciadv.1602655},
	issn = {2375-2548},
	journal = {Science Advances},
	number = {2},
	title = {{3D-printed eagle eye: Compound microlens system for foveated imaging}},
	url = {https://www.science.org/doi/10.1126/sciadv.1602655},
	volume = {3},
	year = {2017}
}

@article{TPL_nanophotonics,
	author = {von Freymann, Georg and Ledermann, Alexandra and Thiel, Michael and Staude, Isabelle and Essig, Sabine and Busch, Kurt and Wegener, Martin},
	doi = {10.1002/adfm.200901838},
	issn = {1616301X},
	journal = {Advanced Functional Materials},
	number = {7},
	pages = {1038--1052},
	title = {{Three-Dimensional Nanostructures for Photonics}},
	url = {https://onlinelibrary.wiley.com/doi/10.1002/adfm.200901838},
	volume = {20},
	year = {2010}
}

@article{NIL_1,
	author = {Chou, Stephen Y.},
	doi = {10.1116/1.588605},
	file = {:Volumes/Transcend/Mendeley/Chou/Chou{\_}2003{\_}Nanoimprint lithography.pdf:pdf},
	issn = {0734211X},
	journal = {Journal of Vacuum Science {\&} Technology B: Microelectronics and Nanometer Structures},
	number = {6},
	pages = {4129},
	title = {{Nanoimprint lithography}},
	url = {http://scitation.aip.org/content/avs/journal/jvstb/14/6/10.1116/1.588605},
	volume = {14},
	year = {1996}
}

@article{NIL_2,
	author = {Guo, L. J.},
	doi = {10.1002/adma.200600882},
	file = {:Volumes/Transcend/Mendeley/Guo/Guo{\_}2007{\_}Nanoimprint lithography Methods and material requirements.pdf:pdf},
	issn = {09359648},
	journal = {Advanced Materials},
	number = {4},
	pages = {495--513},
	title = {{Nanoimprint Lithography: Methods and Material Requirements}},
	url = {https://onlinelibrary.wiley.com/doi/10.1002/adma.200600882},
	volume = {19},
	year = {2007}
}

@article{NIL_3D_1,
	author = {Konijn, M. and Alkaisi, M. M. and Blaikie, R. J.},
	doi = {10.1016/j.mee.2004.12.081},
	file = {:Volumes/Transcend/Mendeley/Konijn, Alkaisi, Blaikie/Konijn, Alkaisi, Blaikie{\_}2005{\_}Nanoimprint lithography of sub-100 nm 3D structures.pdf:pdf},
	issn = {01679317},
	journal = {Microelectronic Engineering},
	keywords = {3D Nanoimprint lithography,Low temperature imprint,Reactive ion etching,Silicon nitride molds},
	number = {1-4},
	pages = {653--658},
	title = {{Nanoimprint lithography of sub-100 nm 3D structures}},
	volume = {78-79},
	year = {2005}
}

@article{NIL_3D_2,
	author = {Bar-On, Ofer and Brenner, Philipp and Siegle, Tobias and Gvishi, Raz and Kalt, Heinz and Lemmer, Uli and Scheuer, Jacob},
	doi = {10.1038/s41598-018-26261-3},
	file = {:Volumes/Transcend/Mendeley/Bar-On et al/Bar-On et al.{\_}2018{\_}High Quality 3D Photonics using Nano Imprint Lithography of Fast Sol-gel Materials.pdf:pdf},
	issn = {20452322},
	journal = {Scientific Reports},
	number = {1},
	pages = {1--7},
	pmid = {29777156},
	publisher = {Springer US},
	title = {{High Quality 3D Photonics using Nano Imprint Lithography of Fast Sol-gel Materials}},
	url = {http://dx.doi.org/10.1038/s41598-018-26261-3},
	volume = {8},
	year = {2018}
}

@article{NIL_nanophotonics,
	author = {Yao, Yuhan and Liu, He and Wang, Yifei and Li, Yuanrui and Song, Boxiang and Bratkovsk, Alexandre and Wang, Shih Yuan and Wu, Wei},
	doi = {10.1007/s00339-015-9438-z},
	file = {:Volumes/Transcend/Mendeley/Yao et al/Yao et al.{\_}2015{\_}Nanoimprint lithography an enabling technology for nanophotonics.pdf:pdf},
	issn = {14320630},
	journal = {Applied Physics A: Materials Science and Processing},
	number = {2},
	pages = {327--333},
	publisher = {Springer Berlin Heidelberg},
	title = {{Nanoimprint lithography: an enabling technology for nanophotonics}},
	volume = {121},
	year = {2015}
}

@article{NIL_microfluidics,
	author = {Guo, L. Jay and Cheng, Xing and Chou, Chia Fu},
	doi = {10.1021/nl034877i},
	file = {:Volumes/Transcend/Mendeley/Guo, Cheng, Chou/Guo, Cheng, Chou{\_}2004{\_}Fabrication of Size-Controllable Nanofluidic Channels by Nanoimprinting and Its Application for DNA Stretching.pdf:pdf},
	issn = {15306984},
	journal = {Nano Letters},
	number = {1},
	pages = {69--73},
	title = {{Fabrication of Size-Controllable Nanofluidic Channels by Nanoimprinting and Its Application for DNA Stretching}},
	volume = {4},
	year = {2004}
}

@article{SPL_mechanical,
	author = {Shim, Wooyoung and Brown, Keith A. and Zhou, Xiaozhu and Rasin, Boris and Liao, Xing and Schmucker, Abrin L. and Mirkin, Chad A.},
	doi = {10.1002/smll.201203014},
	file = {:Volumes/Transcend/Mendeley/Shim et al/Shim et al.{\_}2013{\_}Plow and ridge nanofabrication.pdf:pdf},
	issn = {16136810},
	journal = {Small},
	keywords = {atomic force microscopy,nanofabrication,nanolithography,polymers,scanning probe microscopy},
	number = {18},
	pages = {3058--3062},
	pmid = {23427089},
	title = {{Plow and ridge nanofabrication}},
	volume = {9},
	year = {2013}
}

@article{SPL_termochemical,
	author = {Szoszkiewicz, Robert and Okada, Takashi and Jones, Simon C. and Li, Tai De and King, William P. and Marder, Seth R. and Riedo, Elisa},
	doi = {10.1021/nl070300f},
	issn = {15306984},
	journal = {Nano Letters},
	number = {4},
	pages = {1064--1069},
	pmid = {17385937},
	title = {{High-speed, sub-15 nm feature size thermochemical nanolithography}},
	volume = {7},
	year = {2007}
}

@article{SPL_bias_liquid,
	author = {Suez, Itai and Rolandi, Marco and Backer, Scott A. and Scholl, Andreas and Doran, Andrew and Okawa, David and Zettl, Alex and Fr{\'{e}}chet, Jean M.J.},
	doi = {10.1002/adma.200700716},
	file = {:Volumes/Transcend/Mendeley/Suez et al/Suez et al.{\_}2007{\_}High-field scanning probe lithography in hexadecane Transitioning from field induced oxidation to solvent decomposition.pdf:pdf},
	issn = {09359648},
	journal = {Advanced Materials},
	number = {21},
	pages = {3570--3573},
	title = {{High-field scanning probe lithography in hexadecane: Transitioning from field induced oxidation to solvent decomposition through surface modification}},
	volume = {19},
	year = {2007}
}

@article{SPL_bias_gas,
	author = {Garcia, R. and Losilla, N. S. and Mart{\'{i}}nez, J. and Martinez, R. V. and Palomares, F. J. and Huttel, Y. and Calvaresi, M. and Zerbetto, F.},
	doi = {10.1063/1.3374885},
	file = {:Volumes/Transcend/Mendeley/Garcia et al/Garcia et al.{\_}2010{\_}Nanopatterning of carbonaceous structures by field-induced carbon dioxide splitting with a force microscope.pdf:pdf},
	issn = {00036951},
	journal = {Applied Physics Letters},
	number = {14},
	pages = {1--4},
	title = {{Nanopatterning of carbonaceous structures by field-induced carbon dioxide splitting with a force microscope}},
	volume = {96},
	year = {2010}
}

@article{SPL_oxidation,
	author = {Dagata, J. A. and Schneir, J. and Harary, H. H. and Evans, C. J. and Postek, M. T. and Bennett, J.},
	doi = {10.1063/1.102999},
	file = {:Volumes/Transcend/Mendeley/Dagata et al/Dagata et al.{\_}1990{\_}Modification of hydrogen-passivated silicon by a scanning tunneling microscope operating in air.pdf:pdf},
	issn = {00036951},
	journal = {Applied Physics Letters},
	number = {20},
	pages = {2001--2003},
	title = {{Modification of hydrogen-passivated silicon by a scanning tunneling microscope operating in air}},
	volume = {56},
	year = {1990}
}

@article{SPL_dip_pen_1,
	doi = {10.1038/nnano.2007.39},
	file = {:Volumes/Transcend/Mendeley/Salaita, Wang, Mirkin/Salaita, Wang, Mirkin{\_}2007{\_}Applications of dip-pen nanolithography.pdf:pdf},
	issn = {17483395},
	journal = {Nature Nanotechnology},
	number = {3},
	pages = {145--155},
	pmid = {18654244},
	title = {{Applications of dip-pen nanolithography}},
	volume = {2},
	year = {2007}
}

@article{SPL_dip_pen_2,
	author = {Bellido, Elena and {De Miguel}, Roc{\'{i}}o and Ruiz-Molina, Daniel and Lostao, Anabel and Maspoch, Daniel},
	doi = {10.1002/adma.200902372},
	file = {:Volumes/Transcend/Mendeley/Bellido et al/Bellido et al.{\_}2010{\_}Controlling the number of proteins with dip-pen nanolithography.pdf:pdf},
	issn = {09359648},
	journal = {Advanced Materials},
	number = {3},
	pages = {352--355},
	pmid = {20217717},
	title = {{Controlling the number of proteins with dip-pen nanolithography}},
	volume = {22},
	year = {2010}
}

@article{IL_metamaterials,
	author = {Feth, Nils and Enkrich, Christian and Wegener, Martin and Linden, Stefan},
	doi = {10.1364/oe.15.000501},
	issn = {10944087},
	journal = {Optics Express},
	number = {2},
	pages = {501},
	title = {{Large-area magnetic metamaterials via compact interference lithography}},
	volume = {15},
	year = {2007}
}

@article{IL_nanophotonics,
	author = {Divliansky, Ivan and Mayer, Theresa S. and Holliday, Kito S. and Crespi, Vincent H.},
	doi = {10.1063/1.1560860},
	issn = {00036951},
	journal = {Applied Physics Letters},
	number = {11},
	pages = {1667--1669},
	title = {{Fabrication of three-dimensional polymer photonic crystal structures using single diffraction element interference lithography}},
	volume = {82},
	year = {2003}
}

@article{IL_biomedical,
	author = {Stankevicius, E. and Balciunas, E. and Malinauskas, M. and Raciukaitis, G. and Baltriukiene, D. and Bukelskiene, V.},
	doi = {10.1117/12.922793},
	isbn = {9780819491251},
	issn = {0277786X},
	journal = {Laser Sources and Applications},
	keywords = {artificial scaffolds,biocompatible materials,biodegradable photopolymers,holographic lithography,peg-da,tissue engineering,two-photon polymerization},
	pages = {843312},
	title = {{Holographic lithography for biomedical applications}},
	volume = {8433},
	year = {2012}
}

@article{IL_self-assembly,
	author = {Jung, Yeon Sik and Chang, J. B. and Verploegen, Eric and Berggren, Karl K. and Ross, C. A.},
	doi = {10.1021/nl904141r},
	issn = {15306984},
	journal = {Nano Letters},
	keywords = {Block copolymer,Nanowire,Poly(dimethylsiloxane),Self-assembly,Solvent anneal},
	number = {3},
	pages = {1000--1005},
	pmid = {20146429},
	title = {{A path to ultranarrow patterns using self-assembled lithography}},
	volume = {10},
	year = {2010}
}

@article{IL_X-ray,
	author = {Heyderman, L. J. and Solak, H. H. and David, C. and Atkinson, D. and Cowburn, R. P. and Nolting, F.},
	doi = {10.1063/1.1821649},
	issn = {00036951},
	journal = {Applied Physics Letters},
	number = {21},
	pages = {4989--4991},
	title = {{Arrays of nanoscale magnetic dots: Fabrication by x-ray interference lithography and characterization}},
	volume = {85},
	year = {2004}
}

@article{IL_free_e_laser,
	author = {Galayda, John N. and Arthur, John and Ratner, Daniel F. and White, William E.},
	doi = {10.1364/JOSAB.27.00B106},
	issn = {0740-3224},
	journal = {Journal of the Optical Society of America B},
	month = {nov},
	number = {11},
	pages = {B106},
	title = {{X-ray free-electron lasers—present and future capabilities [Invited]}},
	url = {https://opg.optica.org/abstract.cfm?URI=josab-27-11-B106},
	volume = {27},
	year = {2010}
}

@article{IL_general,
	author = {Lu, Cheng and Lipson, R. H.},
	doi = {10.1002/lpor.200810061},
	issn = {18638880},
	journal = {Laser and Photonics Reviews},
	keywords = {Diffraction and scattering,Interference,Interferometry,Phase shifting,Photolithography,Photonic bandgap materials,Photoresists},
	number = {4},
	pages = {568--580},
	title = {{Interference lithography: A powerful tool for fabricating periodic structures}},
	volume = {4},
	year = {2010}
}

@article{GL_general,
	author = {Loomis, James and Ratnayake, Dilan and McKenna, Curtis and Walsh, Kevin M.},
	doi = {10.1117/1.jmm.15.1.013511},
	issn = {1932-5150},
	journal = {Journal of Micro/Nanolithography, MEMS, and MOEMS},
	keywords = {2015,2016,23,3,8,accepted for publication mar,automated con-,grayscale,laser pattern generator,paper 15191 received dec,photolithography,published online mar,thermal reflow,three-dimensional microelectromechanical systems,version},
	number = {1},
	pages = {013511},
	title = {{Grayscale lithography—automated mask generation for complex three-dimensional topography}},
	volume = {15},
	year = {2016}
}

@article{GL_MEMS,
	author = {McKenna, Curt and Walsh, Kevin and Crain, Mark and Lake, Joseph},
	doi = {10.1109/UGIM.2010.5508906},
	isbn = {9781424447329},
	issn = {07496877},
	journal = {Biennial University/Government/Industry Microelectronics Symposium - Proceedings},
	keywords = {Maskless Direct Write Grayscale Lithography for MEMS Applications},
	title = {{Maskless direct write grayscale lithography for MEMS applications}},
	year = {2010}
}

@article{GL_optics,
	author = {Morgan, Brian and Waits, Christopher M. and Krizmanic, John and Ghodssi, Reza},
	doi = {10.1109/JMEMS.2003.823220},
	issn = {10577157},
	journal = {Journal of Microelectromechanical Systems},
	keywords = {Deep-reactive ion etching (DRIE),Gray-scale lithography,Phase Fresnel lens (PFL),Three-dimensional (3-D) structures},
	number = {1},
	pages = {113--120},
	title = {{Development of a deep silicon phase fresnel lens using gray-scale lithography and deep reactive ion etching}},
	volume = {13},
	year = {2004}
}

@article{GL_microfluidics,
	author = {Nock, Volker and Blaikie, Richard J.},
	doi = {10.1016/j.mee.2008.01.088},
	issn = {01679317},
	journal = {Microelectronic Engineering},
	keywords = {Electron beam lithography,Grayscale lithography,Tapered microchannels,Thick photoresist},
	number = {5-6},
	pages = {1077--1082},
	title = {{Fabrication of optical grayscale masks for tapered microfluidic devices}},
	volume = {85},
	year = {2008}
}

@article{Kirchner_reflow,
	author = {Kirchner, Robert and Schift, Helmut},
	doi = {10.1116/1.4896480},
	title = {{Mobility based 3D simulation of selective , viscoelastic polymer reflow using surface evolver Mobility based 3D simulation of selective , viscoelastic polymer reflow}},
	volume = {701},
	year = {2014}
}

@article{Kirchner_GL_review,
	author = {Kirchner, Robert and Schift, Helmut},
	doi = {10.1016/j.mssp.2018.07.032},
	issn = {13698001},
	journal = {Materials Science in Semiconductor Processing},
	keywords = {Capillary force,Flow,Grayscale,Lithography,Softening,Surface tension,Visco-elasticity},
	number = {March},
	pages = {58--72},
	title = {{Thermal reflow of polymers for innovative and smart 3D structures: A review}},
	volume = {92},
	year = {2019}
}

@article{Stepanova_2006,
	author = {Aktary, M. and Stepanova, M. and Dew, S. K.},
	doi = {10.1116/1.2181580},
	issn = {10711023},
	journal = {Journal of Vacuum Science {\&} Technology B: Microelectronics and Nanometer Structures},
	number = {2},
	pages = {768},
	title = {{Simulation of the spatial distribution and molecular weight of polymethylmethacrylate fragments in electron beam lithography exposures}},
	url = {http://scitation.aip.org/content/avs/journal/jvstb/24/2/10.1116/1.2181580},
	volume = {24},
	year = {2006}
}

@article{Stepanova_2010,
	author = {Stepanova, M. and Fito, T. and Szab{\'{o}}, Zs. and Alti, K. and Adeyenuwo, A. P. and Koshelev, K. and Aktary, M. and Dew, S. K.},
	doi = {10.1116/1.3497019},
	issn = {2166-2746},
	journal = {Journal of Vacuum Science {\&} Technology B, Nanotechnology and Microelectronics: Materials, Processing, Measurement, and Phenomena},
	number = {6},
	pages = {C6C48--C6C57},
	title = {{Simulation of electron beam lithography of nanostructures}},
	url = {http://avs.scitation.org/doi/10.1116/1.3497019},
	volume = {28},
	year = {2010}
}

@article{Han_2002,
	author = {Han, Geng and Khan, Mumit and Fang, Yanghua and Cerrina, Franco},
	doi = {10.1116/1.1526633},
	issn = {0734211X},
	journal = {Journal of Vacuum Science {\&} Technology B: Microelectronics and Nanometer Structures},
	number = {6},
	pages = {2666},
	title = {{Comprehensive model of electron energy deposition}},
	url = {http://scitation.aip.org/content/avs/journal/jvstb/20/6/10.1116/1.1526633},
	volume = {20},
	year = {2002}
}

@article{rotation_matrices,
	author = {Kuhr, J.-Ch. and Fitting, H.-J.},
	doi = {10.1002/(SICI)1521-396X(199904)172:2<433::AID-PSSA433>3.0.CO;2-X},
	issn = {00318965},
	journal = {physica status solidi (a)},
	month = {apr},
	number = {2},
	pages = {433--450},
	title = {{Monte-Carlo Simulation of Low Energy Electron Scattering in Solids}},
	url = {https://onlinelibrary.wiley.com/doi/10.1002/(SICI)1521-396X(199904)172:2{\%}3C433::AID-PSSA433{\%}3E3.0.CO;2-X},
	volume = {172},
	year = {1999}
}

@article{Shimizu_Review,
	author = {Shimizu, R. and Ze-Jun, Ding},
	doi = {10.1088/0034-4885/55/4/002},
	issn = {0034-4885},
	journal = {Reports on Progress in Physics},
	month = {apr},
	number = {4},
	pages = {487--531},
	title = {{Monte Carlo modelling of electron-solid interactions}},
	url = {https://iopscience.iop.org/article/10.1088/0034-4885/55/4/002},
	volume = {55},
	year = {1992}
}

@article{ME_rev_49,
	author = {Shimizu, R. and Kataoka, Y. and Ikuta, T. and Koshikawa, T. and Hashimoto, H.},
	doi = {10.1088/0022-3727/9/1/017},
	issn = {0022-3727},
	journal = {Journal of Physics D: Applied Physics},
	month = {jan},
	number = {1},
	pages = {101--113},
	title = {{A Monte Carlo approach to the direct simulation of electron penetration in solids}},
	url = {http://stacks.iop.org/0022-3727/9/i=1/a=017?key=crossref.04fc8eb665e8de9c041464922a9f469d},
	volume = {9},
	year = {1976}
}

@article{ME_rev_60,
	author = {Glezos, Nikos and Raptis, I},
	doi = {10.1109/43.486275},
	issn = {02780070},
	journal = {IEEE Transactions on Computer-Aided Design of Integrated Circuits and Systems},
	number = {1},
	pages = {92--102},
	title = {{A fast electron beam lithography simulator based on the Boltzmann transport equation}},
	url = {http://ieeexplore.ieee.org/document/486275/},
	volume = {15},
	year = {1996}
}

@article{ME_rev_61,
	author = {Bethe, H. A. and Rose, M. E. and Smith, L. P.},
	journal = {Proceedings of the American Philosophical Society},
	number = {4},
	pages = {573--585},
	title = {{The Multiple Scattering of Electrons}},
	volume = {78},
	year = {1938}
}

@article{ME_rev_63,
	author = {Lewis, H. W.},
	doi = {10.1103/PhysRev.78.526},
	file = {:Volumes/Transcend/Mendeley/Lewis/Lewis{\_}1950{\_}Multiple scattering in an infinite medium.pdf:pdf},
	issn = {0031-899X},
	journal = {Physical Review},
	month = {jun},
	number = {5},
	pages = {526--529},
	title = {{Multiple Scattering in an Infinite Medium}},
	url = {https://link.aps.org/doi/10.1103/PhysRev.78.526},
	volume = {78},
	year = {1950}
}


@article{ME_rev_64,
	author = {Glezos, Nikos and Raptis, I},
	doi = {10.1109/43.486275},
	issn = {02780070},
	journal = {IEEE Transactions on Computer-Aided Design of Integrated Circuits and Systems},
	number = {1},
	pages = {92--102},
	title = {{A fast electron beam lithography simulator based on the Boltzmann transport equation}},
	url = {http://ieeexplore.ieee.org/document/486275/},
	volume = {15},
	year = {1996}
}

@book{Dapor_large_book,
	address = {Cham},
	author = {Dapor, Maurizio},
	doi = {10.1007/978-3-319-03883-4},
	isbn = {978-3-319-03882-7},
	publisher = {Springer International Publishing},
	series = {Springer Tracts in Modern Physics},
	title = {{Transport of Energetic Electrons in Solids}},
	url = {http://link.springer.com/10.1007/978-3-319-03883-4},
	volume = {257},
	year = {2014}
}

@article{Czyzewski_mott_cs,
	author = {Czy{\.{z}}ewski, Zbigniew and MacCallum, Danny O.Neill and Romig, Alton and Joy, David C.},
	doi = {10.1063/1.346400},
	issn = {0021-8979},
	journal = {Journal of Applied Physics},
	month = {oct},
	number = {7},
	pages = {3066--3072},
	title = {{Calculations of Mott scattering cross section}},
	url = {http://aip.scitation.org/doi/10.1063/1.346400},
	volume = {68},
	year = {1990}
}

@article{Bethe,
	author = {Bethe, H.},
	month = {jul},
	number = {5},
	pages = {77--154},
	title = {{Theory of the Passage of Fast Corpuscular Rays Through Matter}},
	url = {http://www.worldscientific.com/doi/abs/10.1142/9789812795755{\_}0003},
	volume = {5},
	year = {1930}
}

@article{Bethe_corrected,
	author = {Rao‐Sahib, T. S. and Wittry, D. B.},
	doi = {10.1063/1.1663184},
	issn = {0021-8979},
	journal = {Journal of Applied Physics},
	month = {nov},
	number = {11},
	pages = {5060--5068},
	title = {{X‐ray continuum from thick elemental targets for 10–50‐keV electrons}},
	url = {http://aip.scitation.org/doi/10.1063/1.1663184},
	volume = {45},
	year = {1974}
}

@article{Bethe_corr_2ndary_e,
	author = {Joy, David C.},
	doi = {10.1111/j.1365-2818.1987.tb02817.x},
	issn = {13652818},
	journal = {Journal of Microscopy},
	keywords = {Monte Carlo model,image simulation,secondary cascade},
	number = {1},
	pages = {51--64},
	title = {{A model for calculating secondary and backscattered electron yields}},
	volume = {147},
	year = {1987}
}

@book{Lindhard,
	title={Stopping power of electron gas and equipartition rule},
	author={Lindhard, Jens and Winther, Aage and others},
	year={1964},
	publisher={Munksgaard}
}

@article{Ciappa_2010,
	title={Monte Carlo modeling in the low-energy domain of the secondary electron emission of polymethylmethacrylate for critical-dimension scanning electron microscopy},
	author={Dapor, Maurizio and Ciappa, Mauro and Fichtner, Wolfgang},
	journal={Journal of Micro/Nanolithography, MEMS, and MOEMS},
	volume={9},
	number={2},
	pages={023001},
	year={2010},
	publisher={SPIE}
}

@article{Ritchie_ELF,
	author = {Ritchie, R. H.},
	doi = {10.1103/PhysRev.114.644},
	issn = {0031-899X},
	journal = {Physical Review},
	month = {may},
	number = {3},
	pages = {644--654},
	title = {{Interaction of Charged Particles with a Degenerate Fermi-Dirac Electron Gas}},
	url = {https://link.aps.org/doi/10.1103/PhysRev.114.644},
	volume = {114},
	year = {1959}
}

@article{Dapor_2015_oscillators,
	author = {Dapor, Maurizio},
	doi = {10.1016/j.nimb.2014.11.101},
	issn = {0168583X},
	journal = {Nuclear Instruments and Methods in Physics Research, Section B: Beam Interactions with Materials and Atoms},
	keywords = {Electron differential inverse inelastic mean free,Electron inelastic mean free path,Polymethylmethacrylate,Range of penetration,Stopping power},
	pages = {190--194},
	publisher = {Elsevier B.V.},
	title = {{Energy loss of fast electrons impinging upon polymethylmethacrylate}},
	url = {http://dx.doi.org/10.1016/j.nimb.2014.11.101},
	volume = {352},
	year = {2015}
}

@book{Palik,
	address = {USA},
	author = {Palik, Edward D.},
	booktitle = {Handbook of Optical Constants of Solids},
	editor = {Palik, Edward D.},
	file = {:Volumes/Transcend/Mendeley/Palik/Palik{\_}1998{\_}Handbook of Optical Constants of Solids.pdf:pdf},
	publisher = {Academic Press},
	title = {{Handbook of Optical Constants of Solids}},
	year = {1998}
}

@article{Henke_photoabs,
	author = {Henke, B.L. and Gullikson, E.M. and Davis, J.C.},
	doi = {10.1006/adnd.1993.1013},
	issn = {0092640X},
	journal = {Atomic Data and Nuclear Data Tables},
	month = {jul},
	number = {2},
	pages = {181--342},
	title = {{X-Ray Interactions: Photoabsorption, Scattering, Transmission, and Reflection at E = 50-30,000 eV, Z = 1-92}},
	url = {https://linkinghub.elsevier.com/retrieve/pii/S0092640X83710132},
	volume = {54},
	year = {1993}
}

@techreport{Biggs_cs,
	title={Analytical approximations for x-ray cross sections III},
	author={Biggs, Frank and Lighthill, Ruth},
	year={1988},
	institution={Sandia National Labs., Albuquerque, NM (USA)}
}

@article{Ashley_LxSx,
	author = {Ashley, J.C.},
	doi = {10.1016/0368-2048(82)85041-X},
	file = {:Volumes/Transcend/Mendeley/Ashley/Ashley{\_}1982{\_}Simple model for electron inelastic mean free paths Application to condensed organic materials.pdf:pdf},
	issn = {03682048},
	journal = {Journal of Electron Spectroscopy and Related Phenomena},
	month = {jan},
	number = {2},
	pages = {177--194},
	title = {{Simple model for electron inelastic mean free paths: Application to condensed organic materials}},
	url = {https://linkinghub.elsevier.com/retrieve/pii/036820488285041X},
	volume = {28},
	year = {1982}
}

@article{Ritchie_Drude,
	author = {Ritchie, R. H. and Howie, A.},
	doi = {10.1080/14786437708244948},
	issn = {00318086},
	journal = {Philosophical Magazine},
	number = {2},
	pages = {463--481},
	title = {{Electron excitation and the optical potential in electron microscopy}},
	volume = {36},
	year = {1977}
}

@article{Mermin,
	author = {Mermin, N. D.},
	doi = {10.1103/PhysRevB.1.2362},
	issn = {0556-2805},
	journal = {Physical Review B},
	month = {mar},
	number = {5},
	pages = {2362--2363},
	title = {{Lindhard Dielectric Function in the Relaxation-Time Approximation}},
	url = {https://link.aps.org/doi/10.1103/PhysRevB.1.2362},
	volume = {1},
	year = {1970}
}

@article{DeVera_MELF_params,
	author = {de Vera, Pablo and Abril, Isabel and Garcia-Molina, Rafael},
	doi = {10.1063/1.3581120},
	issn = {0021-8979},
	journal = {Journal of Applied Physics},
	month = {may},
	number = {9},
	pages = {094901},
	title = {{Inelastic scattering of electron and light ion beams in organic polymers}},
	url = {http://aip.scitation.org/doi/10.1063/1.3581120},
	volume = {109},
	year = {2011}
}

















