@article{my_CO,
	title={Nanophotonic structure formation by dry e-beam etching of the resist: resolution limitation origins},
	author={Rogozhin, A and Bruk, M and Zhikharev, E and Sidorov, F},
	journal={Computer Optics},
	volume={41},
	number={4},
	pages={499--503},
	year={2017},
	url={https://doi.org/10.18287/2412-6179-2017-41-4-499-503}
}

@article{my_microlenses,
	title={Fabrication of microlens arrays and planar photonic crystals using thermal amplification of resist},
	author={Sidorov, FA and Bruk, MA and Zhikharev, EN and Rogozhin, AE},
	journal={Journal of Physics: Conference Series},
	volume={1096},
	number={1},
	pages={012018},
	year={2018},
	url={https://doi.org/10.1088/1742-6596/1096/1/012018}
}

@article{my_evidence,
	title={Simulation of dry e-beam etching of resist and experimental evidence},
	author={Rogozhin, A and Sidorov, F and Bruk, M and Zhikharev, E},
	journal={International Conference on Micro-and Nano-Electronics 2018},
	volume={11022},
	pages={440--444},
	year={2019},
	url={https://doi.org/10.1117/12.2522458}
}

@article{my_detailed,
	title={Detailed Monte-Carlo simulation of PMMA chain scissions in e-beam lithography},
	author={Sidorov, FA and Rogozhin, AE},
	journal={Journal of Physics: Conference Series},
	volume={1410},
	number={1},
	pages={012243},
	year={2019},
	url={https://doi.org/10.1088/1742-6596/1410/1/012243}
}

@article{my_review,
	title={E-beam lithography simulation techniques},
	author={Rogozhin, AE and Sidorov, FA},
	journal={Russian Microelectronics},
	volume={49},
	number={2},
	pages={108--122},
	year={2020},
	publisher={Springer}
}

@article{my_review_RU,
	title={Моделирование процессов электронно-лучевой литографии},
	author={Рогожин, А. Е. and Сидоров, Ф. А.},
	journal={Микроэлектроника},
	volume={49},
	number={2},
	pages={116--132},
	year={2020},
	url={https://doi.org/10.31857/S0544126920010093}
}

@article{my_MEE,
	title={Direct Monte-Carlo simulation of dry e-beam etching of resist},
	author={Sidorov, F and Rogozhin, A and Bruk, M and Zhikharev, E},
	journal={Microelectronic Engineering},
	volume={227},
	pages={111313},
	year={2020},
	url={https://doi.org/10.1016/j.mee.2020.111313}
}

@article{my_Gvalue,
	title={Microscopic simulation of e-beam induced PMMA chain scissions with temperature effect},
	author={Sidorov, FA and Rogozhin, AE},
	journal={Journal of Physics: Conference Series},
	volume={1695},
	number={1},
	pages={012202},
	year={2020},
	url={https://doi.org/10.1088/1742-6596/1695/1/012202}
}

@article{my_microscopic,
	title={New microscopic approach to e-beam lithography simulation},
	author={Sidorov, Fedor and Rogozhin, Alexander},
	journal={2020 International Conference on Information Technology and Nanotechnology (ITNT)},
	pages={1--4},
	year={2020},
	url={https://doi.org/10.1109/ITNT49337.2020.9253231}
}

@article{my_Isaev,
	title={Influence of Resist Spreading during Its Dry Electron-Beam Etching on a Lateral Resolution},
	author={Isaev, AG and Sidorov, FA and Rogozhin, AE},
	journal={Russian Microelectronics},
	volume={50},
	number={1},
	pages={19--23},
	year={2021},
	publisher={Springer}
}

@article{my_Isaev_RU,
	title={Влияние растекания резиста при его сухом электронно-лучевом травлении на латеральное разрешение},
	author={Исаев, А. Г. and Сидоров, Ф. А. and Рогожин, А. Е.},
	journal={Микроэлектроника},
	volume={50},
	number={1},
	pages={21--26},
	year={2021},
	url={https://doi.org/10.31857/S0544126921010063}
}

@article{my_review_2_RU,
	title={Сечения процессов рассеяния при электронно-лучевой литографии},
	author={Рогожин, А. Е. and Сидоров, Ф. А.},
	journal={Микроэлектроника},
	volume={52},
	number={2},
	pages={110--126},
	year={2023},
	url={https://doi.org/10.31857/S0544126923700266}
}
