@article{Hohmann2015,
	author = {Hohmann, Judith K. and Renner, Michael and Waller, Erik H. and von Freymann, Georg},
	doi = {10.1002/adom.201500328},
	file = {:Volumes/Transcend/Mendeley/Hohmann et al/Hohmann et al.{\_}2015{\_}Three-Dimensional $\mu$-Printing An Enabling Technology.pdf:pdf},
	issn = {21951071},
	journal = {Advanced Optical Materials},
	keywords = {3D printing,Cell-growth templates,Direct laser writing,Laser lithography,Metamaterials,Microprinting,Nanophotonics,$\mu$-printing},
	month = {nov},
	number = {11},
	pages = {1488--1507},
	title = {{Three-Dimensional $\mu$-Printing: An Enabling Technology}},
	url = {https://onlinelibrary.wiley.com/doi/10.1002/adom.201500328},
	volume = {3},
	year = {2015}
}

@article{Kawata2001,
	author = {Kawata, Satoshi and Sun, Hong-Bo and Tanaka, Tomokazu and Takada, Kenji},
	doi = {10.1038/35089130},
	issn = {0028-0836},
	journal = {Nature},
	month = {aug},
	number = {6848},
	pages = {697--698},
	title = {{Finer features for functional microdevices}},
	url = {https://doi.org/10.1038/35089130 http://www.nature.com/articles/35089130},
	volume = {412},
	year = {2001}
}

@article{TPL_microfluidics_1,
	author = {Waheed, Sidra and Cabot, Joan M. and Macdonald, Niall P. and Lewis, Trevor and Guijt, Rosanne M. and Paull, Brett and Breadmore, Michael C.},
	doi = {10.1039/C6LC00284F},
	file = {:Volumes/Transcend/Mendeley/Waheed et al/Waheed et al.{\_}2016{\_}3D printed microfluidic devices Enablers and barriers.pdf:pdf},
	issn = {1473-0197},
	journal = {Lab on a Chip},
	number = {11},
	pages = {1993--2013},
	title = {{3D printed microfluidic devices: enablers and barriers}},
	url = {http://xlink.rsc.org/?DOI=C6LC00284F},
	volume = {16},
	year = {2016}
}

@article{TPL_microfluidics_2,
	author = {Dittrich, Petra S. and Schwille, Petra},
	doi = {10.1021/ac025625p},
	issn = {0003-2700},
	journal = {Analytical Chemistry},
	month = {sep},
	number = {17},
	pages = {4472--4479},
	title = {{Spatial Two-Photon Fluorescence Cross-Correlation Spectroscopy for Controlling Molecular Transport in Microfluidic Structures}},
	url = {https://pubs.acs.org/doi/10.1021/ac025625p},
	volume = {74},
	year = {2002}
}


@article{TPL_biology_1,
	author = {Marino, Attilio and Filippeschi, Carlo and Mattoli, Virgilio and Mazzolai, Barbara and Ciofani, Gianni},
	doi = {10.1039/C4NR06500J},
	issn = {2040-3364},
	journal = {Nanoscale},
	number = {7},
	pages = {2841--2850},
	title = {{Biomimicry at the nanoscale: current research and perspectives of two-photon polymerization}},
	url = {http://xlink.rsc.org/?DOI=C4NR06500J},
	volume = {7},
	year = {2015}
}

@article{TPL_biology_2,
	author = {Marino, Attilio and Ciofani, Gianni and Filippeschi, Carlo and Pellegrino, Mario and Pellegrini, Monica and Orsini, Paolo and Pasqualetti, Massimo and Mattoli, Virgilio and Mazzolai, Barbara},
	title = {Two-Photon Polymerization of Sub-micrometric Patterned Surfaces: Investigation of Cell-Substrate Interactions and Improved Differentiation of Neuron-like Cells},
	journal = {ACS Applied Materials \& Interfaces},
	volume = {5},
	number = {24},
	pages = {13012-13021},
	year = {2013},
	doi = {10.1021/am403895k},
	note ={PMID: 24309089},
	URL = { 
	https://doi.org/10.1021/am403895k
	}
	}

@article{TPL_optics,
	author = {Thiele, Simon and Arzenbacher, Kathrin and Gissibl, Timo and Giessen, Harald and Herkommer, Alois M.},
	doi = {10.1126/sciadv.1602655},
	issn = {2375-2548},
	journal = {Science Advances},
	month = {feb},
	number = {2},
	title = {{3D-printed eagle eye: Compound microlens system for foveated imaging}},
	url = {https://www.science.org/doi/10.1126/sciadv.1602655},
	volume = {3},
	year = {2017}
}

@article{TPL_nanophotonics,
	author = {von Freymann, Georg and Ledermann, Alexandra and Thiel, Michael and Staude, Isabelle and Essig, Sabine and Busch, Kurt and Wegener, Martin},
	doi = {10.1002/adfm.200901838},
	issn = {1616301X},
	journal = {Advanced Functional Materials},
	month = {mar},
	number = {7},
	pages = {1038--1052},
	title = {{Three-Dimensional Nanostructures for Photonics}},
	url = {https://onlinelibrary.wiley.com/doi/10.1002/adfm.200901838},
	volume = {20},
	year = {2010}
}


