@article{my_graphene,
  title = {Auger recombination in Dirac materials: A tangle of many-body effects},
  author = {Alymov, Georgy and Vyurkov, Vladimir and Ryzhii, Victor and Satou, Akira and Svintsov, Dmitry},
  journal = {Phys. Rev. B},
  volume = {97},
  number = {20},
  pages = {205411},
  numpages = {13},
  year = {2018},
  _month = {May},
  publisher = {American Physical Society},
  doi = {10.1103/PhysRevB.97.205411},
  url = {https://link.aps.org/doi/10.1103/PhysRevB.97.205411},
  language = {english}
}

@article{my_HgCdTe,
author = {Alymov, Georgy and Rumyantsev, Vladimir and Morozov, Sergey and Gavrilenko, Vladimir and Aleshkin, Vladimir and Svintsov, Dmitry},
title = {Fundamental Limits to Far-Infrared Lasing in Auger-Suppressed HgCdTe Quantum Wells},
journal = {ACS Photonics},
volume = {7},
number = {1},
pages = {98-104},
year = {2020},
doi = {10.1021/acsphotonics.9b01099},
URL = {https://doi.org/10.1021/acsphotonics.9b01099},
language = {english}
}

@article{my_plasmon,
	doi = {10.1088/1361-648x/ab4f33},
	url = {https://doi.org/10.1088%2F1361-648x%2Fab4f33},
	year = 2019,
	month = {oct},
	publisher = {{IOP} Publishing},
	volume = {32},
	number = {6},
	pages = {065301},
	author = {Kirill Kapralov and Georgy Alymov and Dmitry Svintsov and Aleksander Dubinov},
	title = {Feasibility of surface plasmon lasing in {HgTe} quantum wells with population inversion},
	journal = {Journal of Physics: Condensed Matter},
	language = {english}
}
