@article{Bruk2013a,
author = {Bruk, M A and Zhikharev, E N and Kal'nov, V A and Spirin, A V and Strel'tsov, D R},
doi = {10.1134/S106373971305003X},
issn = {1063-7397},
journal = {Russian Microelectronics},
month = {sep},
number = {5},
pages = {261--269},
title = {{A new method of formation of the masking image (relief) directly during the electron-beam exposure of the resist}},
url = {https://doi.org/10.1134/S106373971305003X http://link.springer.com/10.1134/S106373971305003X},
volume = {42},
year = {2013}
}

@article{Bruk2013,
author = {Bruk, M A and Zhikharev, E N and Streltsov, D R and Kalnov, V A and Spirin, A V},
doi = {10.1016/j.mee.2013.06.003},
file = {:Volumes/Transcend/Mendeley/Bruk et al/Bruk et al.{\_}2013{\_}Microelectronic Engineering The new dry method of mask ( relief ) formation by direct electron-beam etching of resist.pdf:pdf},
issn = {0167-9317},
journal = {Microelectronic Engineering},
keywords = {electron-beam lithography},
pages = {1--4},
publisher = {Elsevier B.V.},
title = {{Microelectronic Engineering The new dry method of mask ( relief ) formation by direct electron-beam etching of resist}},
url = {http://dx.doi.org/10.1016/j.mee.2013.06.003},
volume = {112},
year = {2013}
}
@inproceedings{Bruk2014,
author = {Bruk, M A and Zhikharev, E N and Streltsov, D R and Kalnov, V A and Spirin, A V and Rogozhin, A E},
doi = {10.1117/12.2179993},
editor = {Orlikovsky, Alexander A.},
file = {:Volumes/Transcend/Mendeley/Bruk et al/Bruk et al.{\_}2014{\_}Some peculiarities of the new method of a relief creating by the direct electron-beam etching of resist.pdf:pdf},
keywords = {3d-,diffractive optical elements,electron-beam lithography,microrelief creating,new dry method of},
month = {dec},
pages = {94400J},
title = {{Some peculiarities of the new method of a relief creating by the direct electron-beam etching of resist}},
url = {http://proceedings.spiedigitallibrary.org/proceeding.aspx?doi=10.1117/12.2179993},
volume = {9440},
year = {2014}
}
