@article{Carlo1992,
author = {Carlo, Monte and Dapor, Maurizio},
file = {:Volumes/Transcend/Mendeley/Carlo, Dapor/Carlo, Dapor{\_}1992{\_}of targets.pdf:pdf},
number = {2},
title = {of targets},
volume = {46},
year = {1992}
}

@article{Dapor1995,
author = {Dapor, Maurizio},
doi = {10.1016/0168-583X(95)00003-8},
file = {:Volumes/Transcend/Mendeley/Dapor/Dapor{\_}1995{\_}Elastic scattering of electrons and positrons by atoms differential and transport cross section calculations.pdf:pdf},
issn = {0168583X},
journal = {Nuclear Instruments and Methods in Physics Research Section B: Beam Interactions with Materials and Atoms},
month = {apr},
number = {4},
pages = {470--476},
title = {{Elastic scattering of electrons and positrons by atoms: differential and transport cross section calculations}},
url = {https://linkinghub.elsevier.com/retrieve/pii/0168583X95000038},
volume = {95},
year = {1995}
}

@article{Dapor2008,
author = {Dapor, Maurizio},
file = {:Volumes/Transcend/Mendeley/Dapor/Dapor{\_}2008{\_}Energy distributions of the secondary and backscattered electrons from polymethylmethacrylate irradiated by an electron beam.pdf:pdf},
pages = {600},
title = {{Energy distributions of the secondary and backscattered electrons from polymethylmethacrylate irradiated by an electron beam}},
year = {2008}
}

@article{Dapor1995a,
author = {Dapor, Maurizio},
doi = {10.1063/1.358697},
file = {:Volumes/Transcend/Mendeley/Dapor/Dapor{\_}1995{\_}Analytical transport cross section of medium energy positrons elastically scattered by complex atoms ( Z =1–92).pdf:pdf},
issn = {0021-8979},
journal = {Journal of Applied Physics},
month = {mar},
number = {6},
pages = {2840--2842},
title = {{Analytical transport cross section of medium energy positrons elastically scattered by complex atoms ( Z =1–92)}},
url = {http://aip.scitation.org/doi/10.1063/1.358697},
volume = {77},
year = {1995}
}

@article{Dapor2015f,
author = {Dapor, Maurizio},
doi = {10.1016/j.nimb.2014.11.101},
file = {:Volumes/Transcend/Mendeley/Dapor/Dapor{\_}2015{\_}Energy loss of fast electrons impinging upon polymethylmethacrylate(3).pdf:pdf},
issn = {0168583X},
journal = {Nuclear Instruments and Methods in Physics Research, Section B: Beam Interactions with Materials and Atoms},
keywords = {Electron differential inverse inelastic mean free,Electron inelastic mean free path,Polymethylmethacrylate,Range of penetration,Stopping power},
pages = {190--194},
publisher = {Elsevier B.V.},
title = {{Energy loss of fast electrons impinging upon polymethylmethacrylate}},
url = {http://dx.doi.org/10.1016/j.nimb.2014.11.101},
volume = {352},
year = {2015}
}

@article{Dapor2011,
author = {Dapor, Maurizio},
doi = {10.1016/j.nimb.2010.11.029},
file = {:Volumes/Transcend/Mendeley/Dapor/Dapor{\_}2011{\_}Secondary electron emission yield calculation performed using two different Monte Carlo strategies.pdf:pdf},
issn = {0168583X},
journal = {Nuclear Instruments and Methods in Physics Research Section B: Beam Interactions with Materials and Atoms},
keywords = {Applications of Monte Carlo methods,Electron impact: secondary emission},
month = {jul},
number = {14},
pages = {1668--1671},
publisher = {Elsevier B.V.},
title = {{Secondary electron emission yield calculation performed using two different Monte Carlo strategies}},
url = {http://dx.doi.org/10.1016/j.nimb.2010.11.029 https://linkinghub.elsevier.com/retrieve/pii/S0168583X10008542},
volume = {269},
year = {2011}
}

@article{Dapor2012,
author = {Dapor, Maurizio},
doi = {10.1088/1742-6596/402/1/012003},
file = {:Volumes/Transcend/Mendeley/Dapor/Dapor{\_}2012{\_}Monte Carlo simulation of secondary electron emission from dielectric targets.pdf:pdf},
issn = {17426596},
journal = {Journal of Physics: Conference Series},
number = {1},
title = {{Monte Carlo simulation of secondary electron emission from dielectric targets}},
volume = {402},
year = {2012}
}

@article{Dapor2009,
author = {Dapor, Maurizio},
doi = {10.1016/j.nimb.2009.06.025},
file = {:Volumes/Transcend/Mendeley/Dapor/Dapor{\_}2009{\_}A Monte Carlo investigation of secondary electron emission from solid targets Spherical symmetry versus momentum conservation.pdf:pdf},
issn = {0168583X},
journal = {Nuclear Instruments and Methods in Physics Research Section B: Beam Interactions with Materials and Atoms},
keywords = {applications of monte carlo,electron impact,methods,secondary emission},
month = {sep},
number = {18},
pages = {3055--3058},
publisher = {Elsevier B.V.},
title = {{A Monte Carlo investigation of secondary electron emission from solid targets: Spherical symmetry versus momentum conservation within the classical binary collision model}},
url = {http://dx.doi.org/10.1016/j.nimb.2009.06.025 https://linkinghub.elsevier.com/retrieve/pii/S0168583X09007186},
volume = {267},
year = {2009}
}

@article{Dapor2015,
author = {Dapor, Maurizio},
doi = {10.1016/j.nimb.2014.11.101},
file = {:Volumes/Transcend/Mendeley/Dapor/Dapor{\_}2015{\_}Energy loss of fast electrons impinging upon polymethylmethacrylate(2).pdf:pdf},
issn = {0168583X},
journal = {Nuclear Instruments and Methods in Physics Research, Section B: Beam Interactions with Materials and Atoms},
keywords = {Electron differential inverse inelastic mean free,Electron inelastic mean free path,Polymethylmethacrylate,Range of penetration,Stopping power},
pages = {190--194},
publisher = {Elsevier B.V.},
title = {{Energy loss of fast electrons impinging upon polymethylmethacrylate}},
url = {http://dx.doi.org/10.1016/j.nimb.2014.11.101},
volume = {352},
year = {2015}
}

@article{Dapor2009a,
author = {Dapor, Maurizio},
doi = {10.1016/j.nimb.2009.06.025},
file = {:Volumes/Transcend/Mendeley/Dapor/Dapor{\_}2009{\_}Nuclear Instruments and Methods in Physics Research B A Monte Carlo investigation of secondary electron emission from solid t.pdf:pdf},
keywords = {applications of monte carlo,electron impact,methods,secondary emission},
pages = {3055--3058},
publisher = {Elsevier B.V.},
title = {{Nuclear Instruments and Methods in Physics Research B A Monte Carlo investigation of secondary electron emission from solid targets : Spherical symmetry versus momentum conservation within the classical binary collision model}},
volume = {267},
year = {2009}
}

@book{Dapor2014a,
address = {Cham},
author = {Dapor, Maurizio},
doi = {10.1007/978-3-319-03883-4},
file = {:Volumes/Transcend/Mendeley/Dapor/Dapor{\_}2014{\_}Transport of Energetic Electrons in Solids(2).pdf:pdf},
isbn = {978-3-319-03882-7},
publisher = {Springer International Publishing},
series = {Springer Tracts in Modern Physics},
title = {{Transport of Energetic Electrons in Solids}},
url = {http://link.springer.com/10.1007/978-3-319-03883-4},
volume = {257},
year = {2014}
}

@book{Dapor2014h,
address = {Cham},
author = {Dapor, Maurizio},
doi = {10.1007/978-3-319-03883-4},
file = {:Volumes/Transcend/Mendeley/Dapor/Dapor{\_}2014{\_}Transport of Energetic Electrons in Solids(4).pdf:pdf},
isbn = {978-3-319-03882-7},
publisher = {Springer International Publishing},
series = {Springer Tracts in Modern Physics},
title = {{Transport of Energetic Electrons in Solids}},
url = {http://link.springer.com/10.1007/978-3-319-03883-4},
volume = {257},
year = {2014}
}

@book{Dapor2014b,
address = {Cham},
author = {Dapor, Maurizio},
doi = {10.1007/978-3-319-47492-2},
file = {:Volumes/Transcend/Mendeley/Dapor/Dapor{\_}2017{\_}Transport of Energetic Electrons in Solids.pdf:pdf},
isbn = {978-3-319-47490-8},
publisher = {Springer International Publishing},
series = {Springer Tracts in Modern Physics},
title = {{Transport of Energetic Electrons in Solids}},
url = {http://link.springer.com/10.1007/978-3-319-47492-2},
volume = {999},
year = {2017}
}

@article{Dapor1996a,
author = {Dapor, Maurizio},
doi = {10.1063/1.362514},
file = {:Volumes/Transcend/Mendeley/Dapor/Dapor{\_}1996{\_}Elastic scattering calculations for electrons and positrons in solid targets(2).pdf:pdf},
issn = {00218979},
journal = {Journal of Applied Physics},
number = {11},
pages = {8406--8411},
title = {{Elastic scattering calculations for electrons and positrons in solid targets}},
volume = {79},
year = {1996}
}

@book{Dapor2014c,
address = {Cham},
author = {Dapor, Maurizio},
doi = {10.1007/978-3-319-03883-4},
file = {:Volumes/Transcend/Mendeley/Dapor/Dapor{\_}2014{\_}Transport of Energetic Electrons in Solids.pdf:pdf},
isbn = {978-3-319-03882-7},
number = {Mc},
pages = {1--10},
publisher = {Springer International Publishing},
series = {Springer Tracts in Modern Physics},
title = {{Transport of Energetic Electrons in Solids}},
url = {http://link.springer.com/10.1007/978-3-319-03883-4},
volume = {257},
year = {2014}
}

@book{Dapor2014e,
address = {Cham},
author = {Dapor, Maurizio},
doi = {10.1007/978-3-319-47492-2},
file = {:Volumes/Transcend/Mendeley/Dapor/Dapor{\_}2017{\_}Transport of Energetic Electrons in Solids(2).pdf:pdf},
isbn = {978-3-319-47490-8},
publisher = {Springer International Publishing},
series = {Springer Tracts in Modern Physics},
title = {{Transport of Energetic Electrons in Solids}},
url = {http://link.springer.com/10.1007/978-3-319-47492-2},
volume = {999},
year = {2017}
}

@article{Dapor2015d,
author = {Dapor, Maurizio and Abril, Isabel and {De Vera}, Pablo and Garcia-Molina, Rafael},
doi = {10.1140/epjd/e2015-60123-7},
file = {:Volumes/Transcend/Mendeley/Dapor et al/Dapor et al.{\_}2015{\_}Simulation of the secondary electrons energy deposition produced by proton beams in PMMA Influence of the target el(2).pdf:pdf},
issn = {14346079},
journal = {European Physical Journal D},
number = {6},
title = {{Simulation of the secondary electrons energy deposition produced by proton beams in PMMA: Influence of the target electronic excitation description Topical Issue: COST Action Nano-IBCT: Nano-scale Processes behind Ion-Beam Cancer Therapy Andrey Solov'yovN}},
volume = {69},
year = {2015}
}

@article{Dapor2017,
author = {Dapor, Maurizio and Abril, Isabel and de Vera, Pablo and Garcia-Molina, Rafael},
doi = {10.1103/PhysRevB.96.064113},
file = {:Volumes/Transcend/Mendeley/Dapor et al/Dapor et al.{\_}2017{\_}Energy deposition around swift proton tracks in polymethylmethacrylate How much and how far.pdf:pdf},
issn = {2469-9950},
journal = {Physical Review B},
month = {aug},
number = {6},
pages = {064113},
title = {{Energy deposition around swift proton tracks in polymethylmethacrylate: How much and how far}},
url = {https://link.aps.org/doi/10.1103/PhysRevB.96.064113},
volume = {96},
year = {2017}
}

@article{Dapor2017b,
author = {Dapor, Maurizio and Abril, Isabel and {De Vera}, Pablo and Garcia-Molina, Rafael},
doi = {10.1103/PhysRevB.96.064113},
file = {:Volumes/Transcend/Mendeley/Dapor et al/Dapor et al.{\_}2017{\_}Energy deposition around swift proton tracks in polymethylmethacrylate How much and how far(2).pdf:pdf},
issn = {24699969},
journal = {Physical Review B},
number = {6},
pages = {1--12},
title = {{Energy deposition around swift proton tracks in polymethylmethacrylate: How much and how far}},
volume = {96},
year = {2017}
}

@article{Dapor2015e,
author = {Dapor, Maurizio and Abril, Isabel and de Vera, Pablo and Garcia-Molina, Rafael},
doi = {10.1140/epjd/e2015-60123-7},
file = {:Volumes/Transcend/Mendeley/Dapor et al/Dapor et al.{\_}2015{\_}Simulation of the secondary electrons energy deposition produced by proton beams in PMMA influence of the target el(4).pdf:pdf},
issn = {1434-6060},
journal = {The European Physical Journal D},
month = {jun},
number = {6},
pages = {165},
title = {{Simulation of the secondary electrons energy deposition produced by proton beams in PMMA: influence of the target electronic excitation description}},
url = {http://link.springer.com/10.1140/epjd/e2015-60123-7},
volume = {69},
year = {2015}
}

@article{Dapor2015b,
author = {Dapor, Maurizio and Abril, Isabel and de Vera, Pablo and Garcia-Molina, Rafael},
doi = {10.1140/epjd/e2015-60123-7},
file = {:Volumes/Transcend/Mendeley/Dapor et al/Dapor et al.{\_}2015{\_}Simulation of the secondary electrons energy deposition produced by proton beams in PMMA influence of the target elect.pdf:pdf},
issn = {1434-6060},
journal = {The European Physical Journal D},
month = {jun},
number = {6},
pages = {165},
title = {{Simulation of the secondary electrons energy deposition produced by proton beams in PMMA: influence of the target electronic excitation description}},
url = {http://link.springer.com/10.1140/epjd/e2015-60123-7},
volume = {69},
year = {2015}
}

@article{Dapor2015g,
author = {Dapor, Maurizio and Abril, Isabel and de Vera, Pablo and Garcia-Molina, Rafael},
doi = {10.1140/epjd/e2015-60123-7},
file = {:Volumes/Transcend/Mendeley/Dapor et al/Dapor et al.{\_}2015{\_}Simulation of the secondary electrons energy deposition produced by proton beams in PMMA influence of the target el(3).pdf:pdf},
issn = {1434-6060},
journal = {The European Physical Journal D},
month = {jun},
number = {6},
pages = {165},
title = {{Simulation of the secondary electrons energy deposition produced by proton beams in PMMA: influence of the target electronic excitation description}},
url = {http://link.springer.com/10.1140/epjd/e2015-60123-7},
volume = {69},
year = {2015}
}

@article{Dapor2018,
author = {Dapor, Maurizio and Masters, Robert C. and Ross, Ian and Lidzey, David G. and Pearson, Andrew and Abril, Isabel and Garcia-Molina, Rafael and Sharp, Jo and Un{\v{c}}ovsk{\'{y}}, Marek and Vystavel, Tomas and Mika, Filip and Rodenburg, Cornelia},
doi = {10.1016/j.elspec.2017.08.001},
file = {:Volumes/Transcend/Mendeley/Dapor et al/Dapor et al.{\_}2018{\_}“Secondary electron spectra of semi-crystalline polymers – A novel polymer characterisation tool”.pdf:pdf},
issn = {03682048},
journal = {Journal of Electron Spectroscopy and Related Phenomena},
pages = {95--105},
publisher = {Elsevier B.V.},
title = {{“Secondary electron spectra of semi-crystalline polymers – A novel polymer characterisation tool?”}},
url = {http://dx.doi.org/10.1016/j.elspec.2017.08.001},
volume = {222},
year = {2018}
}

@article{Dapor1999,
author = {Dapor, Maurizio and Miotello, A.},
doi = {10.1051/epjap:1999122},
file = {:Volumes/Transcend/Mendeley/Dapor, Miotello/Dapor, Miotello{\_}1999{\_}Backscattering of electrons from selected oxides MgO, SiO 2 , and Al 2 O 3.pdf:pdf},
issn = {1286-0042},
journal = {The European Physical Journal Applied Physics},
month = {feb},
number = {2},
pages = {143--148},
title = {{Backscattering of electrons from selected oxides: MgO, SiO 2 , and Al 2 O 3}},
url = {http://www.edpsciences.org/10.1051/epjap:1999122},
volume = {5},
year = {1999}
}

@article{Dapor1997a,
author = {Dapor, Maurizio and Miotello, Antonio},
doi = {10.1103/PhysRevB.56.2234},
file = {:Volumes/Transcend/Mendeley/Dapor, Miotello/Dapor, Miotello{\_}1997{\_}Slow electrons impinging on dielectric solids. I. Basic aspects.pdf:pdf},
issn = {1550235X},
number = {4},
pages = {2234--2240},
title = {{Slow electrons impinging on dielectric solids. I. Basic aspects}},
volume = {56},
year = {1997}
}

@article{Dapor1997,
author = {Dapor, Maurizio and Miotello, Antonio},
doi = {10.1103/PhysRevB.56.2234},
file = {:Volumes/Transcend/Mendeley/Dapor, Miotello/Dapor, Miotello{\_}1997{\_}Slow electrons impinging on dielectric solids. I. Basic aspects(2).pdf:pdf},
issn = {1550235X},
journal = {Physical Review B - Condensed Matter and Materials Physics},
number = {4},
pages = {2234--2240},
title = {{Slow electrons impinging on dielectric solids. I. Basic aspects}},
volume = {56},
year = {1997}
}

@article{Dapor1998,
author = {Dapor, Maurizio and Miotello, Antonio},
doi = {10.1006/adnd.1998.0771},
file = {:Volumes/Transcend/Mendeley/Dapor, Miotello/Dapor, Miotello{\_}1998{\_}Differential, total, and transport cross sections for elastic scattering of low energy positrons by neutral atoms (.pdf:pdf},
issn = {0092640X},
journal = {Atomic Data and Nuclear Data Tables},
number = {1},
pages = {1--100},
title = {{Differential, total, and transport cross sections for elastic scattering of low energy positrons by neutral atoms (Z = 1-92, E = 500-4000 eV)}},
volume = {69},
year = {1998}
}

@article{Koschik2010,
author = {Koschik, Alexander and Ciappa, Mauro and Holzer, Stephan and Dapor, Maurizio and Fichtner, Wolfgang},
doi = {10.1117/12.853804},
file = {:Volumes/Transcend/Mendeley/Koschik et al/Koschik et al.{\_}2010{\_}A novel Monte Carlo simulation code for linewidth measurement in critical dimension scanning electron microscopy.pdf:pdf},
journal = {Scanning Microscopy 2010},
keywords = {cd,cd-sem,critical dimension,mc,metrology,modeling,monte carlo,scanning electron microscopy,sem,simulation},
pages = {77290X},
title = {{A novel Monte Carlo simulation code for linewidth measurement in critical dimension scanning electron microscopy}},
volume = {7729},
year = {2010}
}

@article{Zhou2016,
doi = {10.1038/srep21045},
file = {:Volumes/Transcend/Mendeley/Zhou et al/Zhou et al.{\_}2016{\_}Quantitative secondary electron imaging for work function extraction at atomic level and layer identification of graphe.pdf:pdf},
issn = {2045-2322},
journal = {Scientific Reports},
month = {feb},
number = {1},
pages = {21045},
publisher = {Nature Publishing Group},
title = {{Quantitative secondary electron imaging for work function extraction at atomic level and layer identification of graphene}},
url = {http://dx.doi.org/10.1038/srep21045 http://www.nature.com/articles/srep21045},
volume = {6},
year = {2016}
}

@article{Dapor2015c,
author = {Dapor, Maurizio},
doi = {10.3389/fmats.2015.00027},
file = {:Volumes/Transcend/Mendeley/Dapor/Dapor{\_}2015{\_}Mermin Differential Inverse Inelastic Mean Free Path of Electrons in Polymethylmethacrylate.pdf:pdf},
journal = {Frontiers in Materials},
keywords = {dielectric theory,dielectric theory, transport of fast electrons in,differential inverse inelastic mean,free path,in solids,polymers,polymethylmethacrylate,transport of fast electrons},
number = {April},
pages = {10--12},
title = {{Mermin Differential Inverse Inelastic Mean Free Path of Electrons in Polymethylmethacrylate}},
volume = {2},
year = {2015}
}

@article{Dapor2015a,
author = {Dapor, Maurizio},
doi = {10.1016/j.nimb.2014.11.101},
file = {:Volumes/Transcend/Mendeley/Dapor/Dapor{\_}2015{\_}Energy loss of fast electrons impinging upon polymethylmethacrylate.pdf:pdf},
issn = {0168583X},
journal = {Nuclear Instruments and Methods in Physics Research Section B: Beam Interactions with Materials and Atoms},
keywords = {Electron differential inverse inelastic mean free,Electron inelastic mean free path,Polymethylmethacrylate,Range of penetration,Stopping power},
month = {jun},
pages = {190--194},
publisher = {Elsevier B.V.},
title = {{Energy loss of fast electrons impinging upon polymethylmethacrylate}},
url = {http://dx.doi.org/10.1016/j.nimb.2014.11.101 https://linkinghub.elsevier.com/retrieve/pii/S0168583X14010027},
volume = {352},
year = {2015}
}

@article{Dapor1996,
author = {Dapor, Maurizio},
doi = {10.1063/1.362514},
file = {:Volumes/Transcend/Mendeley/Dapor/Dapor{\_}1996{\_}Elastic scattering calculations for electrons and positrons in solid targets.pdf:pdf},
issn = {00218979},
journal = {Journal of Applied Physics},
number = {11},
pages = {8406--8411},
title = {{Elastic scattering calculations for electrons and positrons in solid targets}},
volume = {79},
year = {1996}
}

@incollection{Dapor2003,
address = {Berlin, Heidelberg},
author = {Dapor, Maurizio},
booktitle = {Electron-Beam Interactions with Solids},
doi = {10.1007/3-540-36507-9_6},
editor = {Dapor, Maurizio},
file = {:Volumes/Transcend/Mendeley/Dapor/Dapor{\_}2003{\_}Monte Carlo Simulations.pdf:pdf},
isbn = {978-3-540-36507-5},
keywords = {Monte-Carlo,e-beam lithography},
mendeley-tags = {Monte-Carlo,e-beam lithography},
pages = {69--91},
publisher = {Springer Berlin Heidelberg},
title = {{Monte Carlo Simulations}},
url = {http://link.springer.com/10.1007/3-540-36507-9{\_}6},
year = {2003}
}

@article{Calliari2014,
doi = {10.1002/sia.5495},
file = {:Volumes/Transcend/Mendeley/Calliari et al/Calliari et al.{\_}2014{\_}Momentum transfer dependence of reflection electron energy loss spectra theory and experiment.pdf:pdf},
issn = {01422421},
journal = {Surface and Interface Analysis},
keywords = {Monte Carlo,electron energy loss,inelastic scattering,momentum transfer,plasmon dispersion,surface and bulk excitations},
month = {may},
number = {5},
pages = {340--349},
title = {{Momentum transfer dependence of reflection electron energy loss spectra: theory and experiment}},
url = {https://onlinelibrary.wiley.com/doi/10.1002/sia.5495},
volume = {46},
year = {2014}
}

@article{Wan2016,
author = {Wan, Q and Masters, R.C. and Lidzey, D and Abrams, K.J. and Dapor, Maurizio and Plenderleith, R.A. and Rimmer, S and Claeyssens, F and Rodenburg, C},
doi = {10.1016/j.ultramic.2016.09.006},
file = {:Volumes/Transcend/Mendeley/Wan et al/Wan et al.{\_}2016{\_}Angle selective backscattered electron contrast in the low-voltage scanning electron microscope Simulation and experimen.pdf:pdf},
issn = {03043991},
journal = {Ultramicroscopy},
keywords = {Angle selective SEM,Concentric back scattered detector,Low-voltage scanning electron microscopy,Polymer,Quantitative back-scattered imaging,low-voltage scanning electron microscopy,quantitative back-scattered imaging},
month = {dec},
pages = {126--138},
publisher = {Elsevier},
title = {{Angle selective backscattered electron contrast in the low-voltage scanning electron microscope: Simulation and experiment for polymers}},
url = {http://dx.doi.org/10.1016/j.ultramic.2016.09.006 https://linkinghub.elsevier.com/retrieve/pii/S0304399116301930},
volume = {171},
year = {2016}
}

@book{Dapor2013,
author = {Dapor, Maurizio},
file = {:Volumes/Transcend/Mendeley/Dapor/Dapor{\_}2013{\_}Computer simulation of electron transport in solids with applications to materials analysis and characterization.pdf:pdf},
isbn = {9788884434715},
pages = {217},
title = {{Computer simulation of electron transport in solids with applications to materials analysis and characterization}},
year = {2013}
}

@book{Dapor2014f,
address = {Cham},
author = {Dapor, Maurizio},
doi = {10.1007/978-3-319-47492-2},
file = {:Volumes/Transcend/Mendeley/Dapor/Dapor{\_}2017{\_}Transport of Energetic Electrons in Solids(3).pdf:pdf},
isbn = {978-3-319-47490-8},
publisher = {Springer International Publishing},
series = {Springer Tracts in Modern Physics},
title = {{Transport of Energetic Electrons in Solids}},
url = {http://link.springer.com/10.1007/978-3-319-47492-2},
volume = {999},
year = {2017}
}

@book{Dapor2014,
address = {Cham},
author = {Dapor, Maurizio},
doi = {10.1007/978-3-319-47492-2},
edition = {257},
file = {:Volumes/Transcend/Mendeley/Dapor/Dapor{\_}2017{\_}Transport of Energetic Electrons in Solids(4).pdf:pdf},
isbn = {978-3-319-47490-8},
publisher = {Springer International Publishing},
series = {Springer Tracts in Modern Physics},
title = {{Transport of Energetic Electrons in Solids}},
url = {http://link.springer.com/10.1007/978-3-319-47492-2},
volume = {999},
year = {2017}
}

@book{Dapor2014d,
address = {Cham},
author = {Dapor, Maurizio},
doi = {10.1007/978-3-319-47492-2},
file = {:Volumes/Transcend/Mendeley/Dapor/Dapor{\_}2017{\_}Transport of Energetic Electrons in Solids(5).pdf:pdf},
isbn = {978-3-319-47490-8},
publisher = {Springer International Publishing},
series = {Springer Tracts in Modern Physics},
title = {{Transport of Energetic Electrons in Solids}},
url = {http://link.springer.com/10.1007/978-3-319-47492-2},
volume = {999},
year = {2017}
}

@book{Dapor2014g,
address = {Cham},
author = {Dapor, Maurizio},
doi = {10.1007/978-3-319-47492-2},
file = {:Volumes/Transcend/Mendeley/Dapor/Dapor{\_}2017{\_}Transport of Energetic Electrons in Solids(6).pdf:pdf},
isbn = {978-3-319-47490-8},
publisher = {Springer International Publishing},
series = {Springer Tracts in Modern Physics},
title = {{Transport of Energetic Electrons in Solids}},
url = {http://link.springer.com/10.1007/978-3-319-47492-2},
volume = {999},
year = {2017}
}

@phdthesis{Dapor2015h,
author = {Dapor, Maurizio},
file = {:Volumes/Transcend/Mendeley/Dapor/Dapor{\_}2015{\_}Spectra of electrons from PMMA irradiated by an electron beam.pdf:pdf},
pages = {1--31},
title = {{Spectra of electrons from PMMA irradiated by an electron beam}},
year = {2015}
}

@article{Dapor2016,
author = {Dapor, Maurizio and Abril, Isabel and de Vera, Pablo and Garcia-Molina, Rafael},
file = {:Volumes/Transcend/Mendeley/Dapor et al/Dapor et al.{\_}2016{\_}Energy Deposited by Secondary Electrons Generated by Swift Proton Beams through Polymethylmethacrylate.pdf:pdf},
journal = {International Journal of Chemical, Molecular, Nuclear, Materials and Metallurgical Engineering},
keywords = {energetic,energy distribution,ion-beam cancer therapy,ionization cross section,ions,monte carlo method,polymethylmethacrylate,proton beams,radial,secondary electrons},
number = {8},
pages = {965--969},
title = {{Energy Deposited by Secondary Electrons Generated by Swift Proton Beams through Polymethylmethacrylate}},
volume = {10},
year = {2016}
}

@article{Dapor2017a,
author = {Dapor, Maurizio},
doi = {10.1016/j.apsusc.2015.12.043},
file = {:Volumes/Transcend/Mendeley/Dapor/Dapor{\_}2017{\_}Role of the tail of high-energy secondary electrons in the Monte Carlo evaluation of the fraction of electrons backscattered.pdf:pdf},
issn = {01694332},
journal = {Applied Surface Science},
keywords = {Backscattering coefficient,Energy distribution,Monte Carlo,Polymethylmethacrylate,Secondary electron yield},
month = {jan},
pages = {3--11},
publisher = {Elsevier B.V.},
title = {{Role of the tail of high-energy secondary electrons in the Monte Carlo evaluation of the fraction of electrons backscattered from polymethylmethacrylate}},
url = {http://dx.doi.org/10.1016/j.apsusc.2015.12.043 https://linkinghub.elsevier.com/retrieve/pii/S0169433215030378},
volume = {391},
year = {2017}
}
