@article{THz_medicine,
	author={P. H. {Siegel}},
	journal={IEEE Transactions on Microwave Theory and Techniques},
	title={Terahertz technology in biology and medicine},
	year={2004},
	volume={52},
	number={10},
	pages={2438-2447},
	doi={10.1109/TMTT.2004.835916},
	language = {english}
}

@article{THz_medicine,
author={P. H. {Siegel}},
journal={IEEE Transactions on Microwave Theory and Techniques},
title={Terahertz technology in biology and medicine},
year={2004},
volume={52},
number={10},
pages={2438-2447},
doi={10.1109/TMTT.2004.835916},
 language = {english}
}

@inproceedings{THz_security,
author = {Michael C. Kemp and P. F. Taday and Bryan E. Cole and J. A. Cluff and Anthony J. Fitzgerald and William R. Tribe},
title = {{Security applications of terahertz technology}},
volume = {5070},
booktitle = {Terahertz for Military and Security Applications},
editor = {R. Jennifer Hwu and Dwight L. Woolard},
organization = {International Society for Optics and Photonics},
publisher = {SPIE},
pages = {44 -- 52},
keywords = {Terahertz, Terahertz imaging, Terahertz spectroscopy, Security screening, explosives detection systems, EDS},
year = {2003},
doi = {10.1117/12.500491},
URL = {https://doi.org/10.1117/12.500491},
language = {english}
}

@article{THz_WiFi,
  title={Towards THz communications - status in research, standardization and regulation},
  author={K{\"u}rner, Thomas and Priebe, Sebastian},
  journal={Journal of Infrared, Millimeter, and Terahertz Waves},
  volume={35},
  number={1},
  pages={53--62},
  year={2014},
  publisher={Springer},
language = {english},
doi={10.1007/s10762-013-0014-3}
}

@article{THz_spectroscopy1,
author = {Baxter, Jason B. and Guglietta, Glenn W.},
title = {Terahertz Spectroscopy},
journal = {Analytical Chemistry},
volume = {83},
number = {12},
pages = {4342-4368},
year = {2011},
doi = {10.1021/ac200907z},
URL = { https://doi.org/10.1021/ac200907z},
eprint = { https://doi.org/10.1021/ac200907z},
language = {english}
}

@article{THz_spectroscopy2,
author = {Jepsen, P.U. and Cooke, D.G. and Koch, M.},
title = {Terahertz spectroscopy and imaging – Modern techniques and applications},
journal = {Laser \& Photonics Reviews},
volume = {5},
number = {1},
pages = {124-166},
keywords = {Terahertz, spectroscopy, imaging, ultrafast.},
doi = {10.1002/lpor.201000011},
url = {https://onlinelibrary.wiley.com/doi/abs/10.1002/lpor.201000011},
eprint = {https://onlinelibrary.wiley.com/doi/pdf/10.1002/lpor.201000011},
year = {2011},
language = {english}
}

@article{2017_THz_roadmap,
	doi = {10.1088/1361-6463/50/4/043001},
	url = {https://doi.org/10.1088%2F1361-6463%2F50%2F4%2F043001},
	year = 2017,
	_month = {jan},
	publisher = {{IOP} Publishing},
	volume = {50},
	number = {4},
	pages = {043001},
	author = {S S Dhillon and M S Vitiello and E H Linfield and A G Davies and Matthias C Hoffmann and John Booske and Claudio Paoloni and M Gensch and P Weightman and G P Williams and E Castro-Camus and D R S Cumming and F Simoens and I Escorcia-Carranza and J Grant and Stepan Lucyszyn and Makoto Kuwata-Gonokami and Kuniaki Konishi and Martin Koch and Charles A Schmuttenmaer and Tyler L Cocker and Rupert Huber and A G Markelz and Z D Taylor and Vincent P Wallace and J Axel Zeitler and Juraj Sibik and Timothy M Korter and B Ellison and S Rea and P Goldsmith and Ken B Cooper and Roger Appleby and D Pardo and P G Huggard and V Krozer and Haymen Shams and Martyn Fice and Cyril Renaud and Alwyn Seeds and Andreas Stöhr and Mira Naftaly and Nick Ridler and Roland Clarke and John E Cunningham and Michael B Johnston},
	title = {The 2017 terahertz science and technology roadmap},
	journal = {Journal of Physics D: Applied Physics},
language = {english}
}

@ARTICLE{THz_gap,  author={G. {Chattopadhyay}},  journal={IEEE Transactions on Terahertz Science and Technology},  title={Technology, Capabilities, and Performance of Low Power Terahertz Sources},   year={2011},  volume={1},  number={1},  pages={33-53}, doi={10.1109/TTHZ.2011.2159561},
language = {english}}

@book{THz_solid-state_sources,
  title={Modern millimeter-wave technologies},
  author={Teshirogi, Tasuku and Yoneyama, Tsukasa},
  year={2001},
  publisher={IOS Press},
  url={https://www.iospress.nl/book/modern-millimeter-wave-technologies/},
language = {english}
}

@INPROCEEDINGS{THz_diode_sources, author={J. {Rieh} and D. {Yoon} and J. {Yun}}, booktitle={2014 12th IEEE International Conference on Solid-State and Integrated Circuit Technology (ICSICT)}, title={An overview of solid-state electronic sources and detectors for Terahertz imaging}, year={2014}, volume={}, number={}, pages={1-4}, doi={10.1109/ICSICT.2014.7021179},
language = {english}}

@INPROCEEDINGS{THz_transistor_sources, author={A. {Yazgan} and L. {Jofre} and J. {Romeu}}, booktitle={2017 40th International Conference on Telecommunications and Signal Processing (TSP)}, title={The state of art of terahertz sources: A communication perspective at a glance}, year={2017}, volume={}, number={}, pages={810-816}, doi={10.1109/TSP.2017.8076101},
language = {english}}

@article{THz_multipliers,
title = "Schottky diode-based terahertz frequency multipliers and mixers",
journal = "Comptes Rendus Physique",
volume = "11",
number = "7",
pages = "480 - 495",
year = "2010",
issn = "1631-0705",
doi = "10.1016/j.crhy.2010.05.002",
url = "http://www.sciencedirect.com/science/article/pii/S1631070510000447",
author = "Alain Maestrini and Bertrand Thomas and Hui Wang and Cécile Jung and Jeanne Treuttel and Yong Jin and Goutam Chattopadhyay and Imran Mehdi and Gérard Beaudin",
language = {english}
}

@ARTICLE{THz_vacuum_electronics,  author={J. H. {Booske} and R. J. {Dobbs} and C. D. {Joye} and C. L. {Kory} and G. R. {Neil} and G. {Park} and J. {Park} and R. J. {Temkin}},  journal={IEEE Transactions on Terahertz Science and Technology},  title={Vacuum Electronic High Power Terahertz Sources},   year={2011},  volume={1},  number={1},  pages={54-75}, doi={10.1109/TTHZ.2011.2151610},
language = {english}}

@article{THz_molecular_lasers,
author = {Inguscio,M.  and Moruzzi,G.  and Evenson,K. M.  and Jennings,D. A. },
title = {A review of frequency measurements of optically pumped lasers from 0.1 to 8 THz},
journal = {Journal of Applied Physics},
volume = {60},
number = {12},
pages = {R161-R192},
year = {1986},
doi = {10.1063/1.337433},
URL = { https://doi.org/10.1063/1.337433},
eprint = { https://doi.org/10.1063/1.337433 },
language = {english}
}

@article{THz_nonlinear_crystals,
author = {Kitaeva, G.Kh.},
title = {Terahertz generation by means of optical lasers},
journal = {Laser Physics Letters},
volume = {5},
number = {8},
pages = {559-576},
keywords = {terahertz range, difference frequency generation, optical rectification, resonance laser excitation, phase matching, periodically poled crystal},
doi = {10.1002/lapl.200810039},
url = {https://onlinelibrary.wiley.com/doi/abs/10.1002/lapl.200810039},
eprint = {https://onlinelibrary.wiley.com/doi/pdf/10.1002/lapl.200810039},
year = {2008},
language = {english}
}

@article{THz_sources_review,
author = {Pavel Shumyatsky and Robert R. Alfano},
title = {{Terahertz sources}},
volume = {16},
journal = {Journal of Biomedical Optics},
number = {3},
publisher = {SPIE},
pages = {1 -- 10},
keywords = {biomedical imaging, reviews, terahertz wave imaging, terahertz wave spectra, vibrational modes},
year = {2011},
doi = {10.1117/1.3554742},
URL = {https://doi.org/10.1117/1.3554742},
language = {english}
}

@article{p_Ge_output_power,
  title={Стимулированное излучение в длинноволновом ИК диапазоне на горячих дырках Ge в скрещенных электрическом и магнитном полях},
  author={Андронов, АА and Зверев, ИВ and Козлов, ВА and Ноздрин, ЮН and Павлов, СА},
  journal={Письма в ЖЭТФ},
  volume={40},
  number={2},
  pages={69--71},
  year={1984},
  url={http://www.jetpletters.ac.ru/ps/95/article_1676.pdf},
language = {russian}
}

@INBOOK{p-Ge_review,
  title={Widely tunable far infrared hot hole semiconductor lasers},
  author={Br{\"u}ndermann, Erik},
  booktitle    = {Long-wavelength infrared semiconductor lasers},
  pages={279--350},
  year={2004},
  publisher={Wiley Online Library},
  doi={10.1002/0471649813},
  language     = {english}
}

@article{QCL_review,
author = {Miriam Serena Vitiello and Giacomo Scalari and Benjamin Williams and Paolo De Natale},
journal = {Opt. Express},
number = {4},
pages = {5167--5182},
publisher = {OSA},
title = {Quantum cascade lasers: 20 years of challenges},
volume = {23},
_month = {Feb},
year = {2015},
url = {http://www.opticsexpress.org/abstract.cfm?URI=oe-23-4-5167},
doi = {10.1364/OE.23.005167},
language     = {english}
}

@ARTICLE{THz_QCL_review_output_power_plots, author={S. {Kumar}}, journal={IEEE Journal of Selected Topics in Quantum Electronics}, title={Recent Progress in Terahertz Quantum Cascade Lasers}, year={2011}, volume={17}, number={1}, pages={38-47}, doi={10.1109/JSTQE.2010.2049735},
language     = {english}
}

@article{THz_QCL_DFG,
  title={Room temperature continuous wave, monolithic tunable THz sources based on highly efficient mid-infrared quantum cascade lasers},
  author={Lu, Quanyong and Wu, Donghai and Sengupta, Saumya and Slivken, Steven and Razeghi, Manijeh},
  journal={Scientific reports},
  volume={6},
  number={1},
  pages={1--7},
  year={2016},
  publisher={Nature Publishing Group},
  doi={10.1038/srep23595},
language = {english}
}

@ARTICLE{InAlSb_low_operating_temperature,
   author = {T. Ashley},
   author = {J. Beswick},
   author = {C.T. Elliott},
   author = {R. Jefferies},
   author = {A. Johnson},
   author = {G. Pryce},
   ISSN = {1350-2433},
   language = {English},
   title = {Mid-infrared InSb and InAlSb diode lasers},
   journal = {IEE Proceedings - Optoelectronics},
   number = {5},   
   volume = {145},
   year = {1998},
   _month = {October},
   pages = {265-267},
   publisher ={},
   copyright = {© IEE},
   url = {https://digital-library.theiet.org/content/journals/10.1049/ip-opt_19982310},
   doi={10.1049/ip-opt:19982310},
language = {english}
}

@book{impossibility_of_Auger_in_Dirac_materials,
  title={Quantum Kinetic Theory and Applications: {Electrons}, Photons, Phonons},
  author={Vasko, Fedir T. and Raichev, Oleg E.},
  year={2005},
  publisher={Springer Science \& Business Media},
  doi={10.1007/0-387-28041-3},
  url = {https://books.google.com/books?id=2ZsIYKL-YeYC&pg=660},
language = {english}
}

@article{lead_salt_record_wavelength,
  title={Терагерцовые инжекционные лазеры на основе твердого раствора PbSnSe с длиной волны излучения до 50 мкм и их использование для магнитоспектроскопии полупроводников},
  author={Маремьянин, КВ and Иконников, АВ and Бовкун, ЛС and Румянцев, ВВ and Чижевский, ЕГ and Засавицкий, ИИ and Гавриленко, ВИ},
  journal={Физика и техника полупроводников},
  volume={52},
  number={12},
  pages={1486--1490},
  year={2018},
  doi={10.21883/FTP.2018.12.46762.42},
language = {russian}
}

@inproceedings{lead_salt_problems,
  title={THz lasers based on narrow-gap semiconductors},
  author={Gavrilenko, VI and Morozov, SV and Rumyantsev, VV and Bovkun, LS and Kadykov, AM and Maremyanin, KV and Umbetalieva, KR and Chizhevskii, EG and Zasavitskii, II and Mikhailov, NN and others},
  booktitle={2016 21st International Conference on Microwave, Radar and Wireless Communications (MIKON)},
  pages={1--4},
  year={2016},
  organization={IEEE},
  doi={10.1109/MIKON.2016.7492017},
language = {english}
}

@article{high-quality_graphene,
author = {Mayorov, Alexander S. and Gorbachev, Roman V. and Morozov, Sergey V. and Britnell, Liam and Jalil, Rashid and Ponomarenko, Leonid A. and Blake, Peter and Novoselov, Kostya S. and Watanabe, Kenji and Taniguchi, Takashi and Geim, A. K.},
title = {Micrometer-Scale Ballistic Transport in Encapsulated Graphene at Room Temperature},
journal = {Nano Letters},
volume = {11},
number = {6},
pages = {2396-2399},
year = {2011},
doi = {10.1021/nl200758b},
URL = {https://doi.org/10.1021/nl200758b},
eprint = {https://doi.org/10.1021/nl200758b},
language = {english}
}

@article{HgCdTe-technology,
  title={Growth of HgTe quantum wells for IR to THz detectors},
  author={Dvoretsky, S and Mikhailov, N and Sidorov, Yu and Shvets, V and Danilov, Sergey and Wittman, B and Ganichev, Sergey},
  journal={Journal of electronic materials},
  volume={39},
  number={7},
  pages={918--923},
  year={2010},
  publisher={Springer},
  doi={10.1007/s11664-010-1191-7},
  language = {english}
}

@article {graphene_lasing,
      author = "Deepika Yadav and Gen Tamamushi and Takayuki Watanabe and Junki Mitsushio and Youssef Tobah and Kenta Sugawara and Alexander A. Dubinov and Akira Satou and Maxim Ryzhii and Victor Ryzhii and Taiichi Otsuji",
      title = "Terahertz light-emitting graphene-channel transistor toward single-mode lasing",
      journal = "Nanophotonics",
      year = "2018",
      publisher = "De Gruyter",
      address = "Berlin, Boston",
      volume = "7",
      number = "4",
      pages = "741 - 752",
      doi={10.1515/nanoph-2017-0106},
      url = "https://www.degruyter.com/view/journals/nanoph/7/4/article-p741.xml",
language = {english}
}

@article{HgCdTe-not-so-long-wavelength_emission,
  title={Long wavelength stimulated emission up to 9.5 $\mu$m from HgCdTe quantum well heterostructures},
  author={Morozov, SV and Rumyantsev, VV and Kadykov, AM and Dubinov, AA and Kudryavtsev, KE and Antonov, AV and Mikhailov, NN and Dvoretskii, SA and Gavrilenko, VI},
  journal={Applied Physics Letters},
  volume={108},
  number={9},
  pages={092104},
  year={2016},
  publisher={AIP Publishing LLC},
  doi={10.1063/1.4943087},
language = {english}
}

@article{HgCdTe-stimulated_emission,
author = {Morozov,S. V.  and Rumyantsev,V. V.  and Fadeev,M. A.  and Zholudev,M. S.  and Kudryavtsev,K. E.  and Antonov,A. V.  and Kadykov,A. M.  and Dubinov,A. A.  and Mikhailov,N. N.  and Dvoretsky,S. A.  and Gavrilenko,V. I. },
title = {Stimulated emission from HgCdTe quantum well heterostructures at wavelengths up to 19.5 {$\mu$}m},
journal = {Applied Physics Letters},
volume = {111},
number = {19},
pages = {192101},
year = {2017},
doi = {10.1063/1.4996966},
URL = {https://doi.org/10.1063/1.4996966},
language = {english}
}

@article{graphene-negative_conductivity,
author = {Ryzhii,V.  and Ryzhii,M.  and Otsuji,T. },
title = {Negative dynamic conductivity of graphene with optical pumping},
journal = {Journal of Applied Physics},
volume = {101},
number = {8},
pages = {083114},
year = {2007},
doi = {10.1063/1.2717566},
URL = {https://doi.org/10.1063/1.2717566},
eprint = {https://doi.org/10.1063/1.2717566},
language = {english}
}

@article{graphene-Drude_e-e_scattering,
author = {Dmitry Svintsov and Victor Ryzhii and Akira Satou and Taiichi Otsuji and Vladimir Vyurkov},
journal = {Opt. Express},
number = {17},
pages = {19873--19886},
publisher = {OSA},
title = {Carrier-carrier scattering and negative dynamic conductivity in pumped graphene},
volume = {22},
_month = {Aug},
year = {2014},
url = {http://www.opticsexpress.org/abstract.cfm?URI=oe-22-17-19873},
doi = {10.1364/OE.22.019873},
language = {english}
}

@article{graphene-injection_laser_theory,
author = {Ryzhii,V.  and Ryzhii,M.  and Mitin,V.  and Otsuji,T. },
title = {Toward the creation of terahertz graphene injection laser},
journal = {Journal of Applied Physics},
volume = {110},
number = {9},
pages = {094503},
year = {2011},
doi = {10.1063/1.3657853},
URL = { https://doi.org/10.1063/1.3657853},
eprint = {https://doi.org/10.1063/1.3657853},
language = {english}
}

@article{graphene-interlayer_laser,
  title={Ultra-compact injection terahertz laser using the resonant inter-layer radiative transitions in multi-graphene-layer structure},
  author={Dubinov, Alexander A and Bylinkin, Andrey and Aleshkin, Vladimir Ya and Ryzhii, Victor and Otsuji, Taiichi and Svintsov, Dmitry},
  journal={Optics express},
  volume={24},
  number={26},
  pages={29603--29612},
  year={2016},
  publisher={Optical Society of America},
  doi={10.1364/OE.24.029603},
language = {english}
}

@article{graphene-spaser,
  title={Terahertz plasmon-emitting graphene-channel transistor},
  author={Dubinov, Alexander A and Aleshkin, V Ya and Morozov, Sergey V and Ryzhii, Victor and Otsuji, Taiichi},
  journal={Opto-Electronics Review},
  volume={27},
  number={4},
  pages={345--347},
  year={2019},
  publisher={Elsevier},
  doi={10.1016/j.opelre.2019.11.003},
language = {english}
}


@article{bulk_HgCdTe_Auger_1,
  title={Electronic structure, absorption coefficient, and Auger rate in HgCdTe and thallium-based alloys},
  author={Krishnamurthy, Srinivasan and Chen, A-B and Sher, A},
  journal={Journal of Electronic Materials},
  volume={26},
  number={6},
  pages={571--577},
  year={1997},
  publisher={Springer},
  doi={10.1007/s11664-997-0196-3},
  language={english}
}

@article{bulk_HgCdTe_Auger_2,
author = {Krishnamurthy,Srinivasan  and Sher,A.  and Chen,A.-B. },
title = {Accurate calculation of Auger rates in infrared materials},
journal = {Journal of Applied Physics},
volume = {82},
number = {11},
pages = {5540-5546},
year = {1997},
doi = {10.1063/1.366412},
URL = {https://doi.org/10.1063/1.366412    
},
eprint = { https://doi.org/10.1063/1.366412},
  language={english}
}

@article{bulk_HgCdTe_Auger_3,
  title={Modeling of recombination in HgCdTe},
  author={Grein, CH and Flatte, ME and Chang, Yong},
  journal={Journal of electronic materials},
  volume={37},
  number={9},
  pages={1415--1419},
  year={2008},
  publisher={Springer},
  doi={10.1007/s11664-008-0417-4},
  language={english}
}

@article{Auger_Monte_Carlo_phase_space_restriction,
  title={Calculation of Auger lifetimes in HgCdTe},
  author={Bertazzi, Francesco and Goano, Michele and Bellotti, Enrico},
  journal={Journal of electronic materials},
  volume={40},
  number={8},
  pages={1663--1667},
  year={2011},
  publisher={Springer},
  doi={10.1007/s11664-011-1638-5},
  language={english}
}

@article{bulk_HgCdTe_Auger_5,
  title={Direct and phonon-assisted indirect Auger and radiative recombination lifetime in HgCdTe, InAsSb, and InGaAs computed using Green's function formalism},
  author={Wen, Hanqing and Pinkie, Benjamin and Bellotti, Enrico},
  journal={Journal of Applied Physics},
  volume={118},
  number={1},
  pages={015702},
  year={2015},
  publisher={AIP Publishing LLC},
  doi={10.1063/1.4923059},
  language={english}
}

@article{bulk_HgCdTe_Auger_6,
  title={Температурная зависимость времени жизни носителей заряда
в узкощелевых твердых растворах Cd$_x$Hg$_{1-x}$Te: учет оже-процессов},
  author={Баженов, НЛ and Мынбаев, КД and Зегря, ГГ},
  journal={Физика и техника полупроводников},
  volume={49},
  number={4},
  pages={444--448},
  year={2015},
  url={http://journals.ioffe.ru/articles/viewPDF/41622},
  language={russian}
}

@article{normal_vs_inverted,
  title={Comparison of normal and inverted band structure HgTe/CdTe superlattices for very long wavelength infrared detectors},
  author={Grein, CH and Jung, H and Singh, R and Flatte, ME},
  journal={J. Electron. Mater.},
  volume={34},
  number={6},
  pages={905--908},
  year={2005},
  publisher={Springer},
  doi={10.1007/s11664-005-0040-6},
  language={english}
}

@article{HgCdTe_superlattice_laser_threshold,
author = {Flatté,M. E.  and Grein,C. H.  and Ehrenreich,H.  and Miles,R. H.  and Cruz,H. },
title = {Theoretical performance limits of 2.1--4.1 $\mu$m InAs/InGaSb, HgCdTe, and InGaAsSb lasers},
journal = {Journal of Applied Physics},
volume = {78},
number = {7},
pages = {4552-4559},
year = {1995},
doi = {10.1063/1.359798},
language={english}
}

@article{MIR_HgCdTe_QW_Auger,
author = {Jiang,Y.  and Teich,M. C.  and Wang,W. I. },
title = {Carrier lifetimes and threshold currents in HgCdTe double heterostructure and multi‐quantum‐well lasers},
journal = {Journal of Applied Physics},
volume = {69},
number = {10},
pages = {6869-6875},
year = {1991},
doi = {10.1063/1.347676},
language={english}
}

@article{HgCdTe_QW_Auger_thresholds1,
	doi = {10.1088/1361-648x/ab301a},
	url = {https://doi.org/10.1088%2F1361-648x%2Fab301a},
	year = 2019,
	_month = {jul},
	publisher = {{IOP} Publishing},
	volume = {31},
	number = {42},
	pages = {425301},
	author = {V Ya Aleshkin and A A Dubinov and V V Rumyantsev and S V Morozov},
	title = {Threshold energies of Auger recombination in {HgTe}/{CdHgTe} quantum well heterostructures with 30{\textendash}70 {meV} bandgap},
	journal = {Journal of Physics: Condensed Matter},
  language={english}
}

@article{HgCdTe_QW_Auger_thresholds2,
  title={Исследование пороговой энергии оже-рекомбинации в волноводных структурах с квантовыми ямами HgTe/Cd$_{0.7}$Hg$_{0.3}$Te в области 14 мкм},
  author={Уточкин, ВВ and Алёшкин, ВЯ and Дубинов, АА and Гавриленко, ВИ and Куликов, НС and Фадеев, МА and Румянцев, ВВ and Михайлов, НН and Дворецкий, СА and Морозов, СВ},
  journal={Физика и техника полупроводников},
  volume={53},
  number={9},
  pages={1178--1181},
  year={2019},
  doi={10.21883/FTP.2019.09.48120.03},
  language={russian}
}

@article{HgCdTe_QW_Auger_thresholds3,
  title={Влияние содержания Cd в барьерах на пороговую энергию оже-рекомбинации в волноводных структурах с квантовыми ямами на основе HgTe/Cd$_x$Hg$_{1-x}$Te, излучающих на длине волны 18 мкм},
  author={Фадеев, Михаил Александрович and Дубинов, Александр Алексеевич and Алешкин, Владимир Яковлевич and Румянцев, Владимир Владимирович and Уточкин, В В and Гавриленко, Владимир Изяславович and Теп, Ф and Хюберс, Х-В and Михайлов, Николай Николаевич and Дворецкий, Сергей Алексеевич and others},
  journal={Квантовая электроника},
  volume={49},
  number={6},
  pages={556--558},
  year={2019},
  publisher={Физический институт им. ПН Лебедева Российской академии наук},
  url={http://www.mathnet.ru/php/archive.phtml?wshow=paper&jrnid=qe&paperid=17063},
  language={russian}
}

@article{HgCdTe_QW_radiative,
	doi = {10.1088/1361-648x/aaebf5},
	url = {https://doi.org/10.1088%2F1361-648x%2Faaebf5},
	year = 2018,
	_month = {nov},
	publisher = {{IOP} Publishing},
	volume = {30},
	number = {49},
	pages = {495301},
	author = {V Ya Aleshkin and A A Dubinov and V V Rumyantsev and M A Fadeev and O L Domnina and N N Mikhailov and S A Dvoretsky and F Teppe and V I Gavrilenko and S V Morozov},
	title = {Radiative recombination in narrow gap {HgTe}/{CdHgTe} quantum well heterostructures for laser applications},
	journal = {Journal of Physics: Condensed Matter},
  language={english}
}

@article{HgCdTe_QW_THz_DFG,
  title={Генерация терагерцевого излучения на разностной частоте в лазере на основе HgCdTe},
  author={Дубинов, Александр Алексеевич and Алешкин, Владимир Яковлевич and Морозов, Сергей Вячеславович},
  journal={Квантовая электроника},
  volume={49},
  number={7},
  pages={689--692},
  year={2019},
  publisher={Физический институт им. ПН Лебедева Российской академии наук},
  url={http://www.mathnet.ru/php/archive.phtml?wshow=paper&jrnid=qe&paperid=17078},
  language={russian}
}

@article{HgCdTe_QCL,
  title={HgCdTe-based quantum cascade lasers operating in the GaAs phonon Reststrahlen band predicted by the balance equations method},
  author={Ushakov, DV and Afonenko, AA and Khabibullin, RA and Ponomarev, DS and Aleshkin, V Ya and Morozov, SV and Dubinov, AA},
  year={2020},
  journal={arXiv preprint arXiv:2002.04366},
  url={https://arxiv.org/pdf/2002.04366.pdf},
  language={english}
}

@article{HgCdTe_THz_gain,
  title={Calculation of Modal Gain for Terahertz Lasers Based on HgCdTe Heterostructures with Quantum Wells},
  author={Dubinov, Alexander A and Aleshkin, Vladimir Ya},
  journal={International Journal of High Speed Electronics and Systems},
  volume={25},
  number={3 \& 4},
  pages={1640018},
  year={2016},
  doi={10.1142/S0129156416400188},
  publisher={World Scientific},
  language={english}
}











@book{NEGFhandbook,
  title={Nonequilibrium Many-Body Theory of Quantum Systems: {A} Modern Introduction},
  author={Stefanucci, Gianluca and Van Leeuwen, Robert},
  year={2013},
  publisher={Cambridge University Press},
  doi={10.1017/CBO9781139023979},
  url={https://books.google.com/books?id=6GsrjPFXLDYC&pg=PR11},
  language = {english}
}

@book{Haug,
  title={Quantum Kinetics in Transport and Optics of Semiconductors},
  author={Haug, Hartmut and Jauho, Antti-Pekka},
  year={2008},
  publisher={Springer},
  doi={10.1007/978-3-540-73564-9},
  url={https://books.google.com/books?id=w1am24ZE9jQC&pg=76},
  language = {english}
}

@article{interband_coherence,
title = "Nonequilibrium many-body theory of optical nonlinearities of semiconductors",
journal = "Journal of Luminescence",
volume = "30",
number = "1",
pages = "171 - 187",
year = "1985",
issn = "0022-2313",
doi = "10.1016/0022-2313(85)90051-1",
url = "http://www.sciencedirect.com/science/article/pii/0022231385900511",
author = "H. Haug",
language = {english}
}

@article {Ziep-Mocker,
author = {Ziep, O. and Mocker, M.},
title = {A New Approach to {Auger} Recombination. {Application} to Lead Chalcogenides},
journal = {Phys. Status Solidi B},
volume = {98},
number = {1},
publisher = {WILEY-VCH Verlag},
issn = {1521-3951},
doi = {10.1002/pssb.2220980113},
pages = {133--142},
year = {1980},
  language = {english}
}

@incollection{Yevick-GW_Auger,
title = "An Introduction to Nonequilibrium Many-Body Analyses of Optical and Electronic Processes in {III--V} Semiconductors",
editor = "Richard K. Ahrenkiel and Mark S. Lundstrom",
series = "Semiconductors and Semimetals",
publisher = "Elsevier",
volume = "39",
chapter = "6",
pages = "317--388",
year = "1993",
booktitle = "Minority Carriers In {III--V} Semiconductors: {Physics} and Applications",
issn = "0080-8784",
doi = "10.1016/S0080-8784(08)62598-3",
author = "David Yevick and Witold Bardyszewski",
  language = {english}
}

@article{Auger_scattering,
 title = {Electron-electron relaxation effect on {Auger} recombination in direct-band semiconductors},
  author = {Polkovnikov, Anatoli and Zegrya, Georgy},
  journal = {Phys. Rev. B},
  volume = {64},
  number = {7},
  pages = {073205},
  numpages = {4},
  year = {2001},
  _month = {Jul},
  publisher = {American Physical Society},
  doi = {10.1103/PhysRevB.64.073205},
  url = {https://www.researchgate.net/profile/A_Polkovnikov/publication/1824825_Electron-Electron_Relaxation_Effect_on_Auger_Recombination_in_Direct_Band_Semiconductors/links/0deec5293b318dd05d000000.pdf#page=4},
  language = {english}
}

@article{neglecting_short-range_Coulomb,
	doi = {10.1088/0022-3719/17/22/007},
	year = 1984,
	_month = {aug},
	publisher = {{IOP} Publishing},
	volume = {17},
	number = {22},
	pages = {L571--L574},
	author = {S Brand and R A Abram},
	title = {Calculations of the commonly neglected terms in the matrix element for Auger and impact ionisation processes in semiconductors},
	journal = {Journal of Physics C: Solid State Physics},
	language = {english}
}

@article{NEGF-GW,
  title = {{$GW$} approximations and vertex corrections on the {Keldysh} time-loop contour: {Application} for model systems at equilibrium},
  author = {Ness, H. and Dash, L. K. and Stankovski, M. and Godby, R. W.},
  journal = {Phys. Rev. B},
  volume = {84},
  number = {19},
  pages = {195114},
  numpages = {13},
  year = {2011},
  _month = {Nov},
  publisher = {American Physical Society},
  doi = {10.1103/PhysRevB.84.195114},
  url ={https://arxiv.org/pdf/1106.1094.pdf#page=11},
  language = {english}
}

@article{spectral_hole_burning1,
  title={Spectral hole burning and gain saturation in short-cavity semiconductor lasers},
  author={Henneberger, K and Herzel, F and Koch, Stephan W and Binder, Rudolf and Paul, AE and Scott, D},
  journal={Physical Review A},
  volume={45},
  number={3},
  pages={1853},
  year={1992},
  publisher={APS},
  doi={10.1103/PhysRevA.45.1853},
  language = {english}
}

@article{spectral_hole_burning2,
  title={Physics of semiconductor microcavity lasers},
  author={Koch, Stephan W and Jahnke, F and Chow, WW},
  journal={Semiconductor science and technology},
  volume={10},
  number={6},
  pages={739},
  year={1995},
  publisher={IOP Publishing},
  doi={10.1088/0268-1242/10/6/002},
  language = {english}
}

@article{phonon_through_kappa,
  title = {Electron scattering interaction with coupled plasmon-polar-phonon modes in degenerate semiconductors},
  author = {Kim, M. E. and Das, A. and Senturia, S. D.},
  journal = {Phys. Rev. B},
  volume = {18},
  number = {12},
  pages = {6890--6899},
  numpages = {0},
  year = {1978},
  _month = {Dec},
  publisher = {American Physical Society},
  doi = {10.1103/PhysRevB.18.6890},
  url = {https://link.aps.org/doi/10.1103/PhysRevB.18.6890},
  language = {english}
}

@article{Godby-space-time,
title = "The {$GW$} space-time method for the self-energy of large systems",
journal = "Comput. Phys. Commun.",
volume = "117",
number = "3",
pages = "211--228",
year = "1999",
issn = "0010-4655",
doi = "10.1016/S0010-4655(98)00174-X",
author = "Martin M. Rieger and L. Steinbeck and I. D. White and H. N. Rojas and R. W. Godby",
keywords = "71.15.Th, 71.20.-b, 79.60.Jv, Electronic structure, Quasiparticle energies, Self-energy calculations, GW approximation",
url = {https://arxiv.org/pdf/cond-mat/9805246.pdf#page=2},
  language = {english}
}

@article{Talman-Hankel,
title = "Numerical {Fourier} and {Bessel} transforms in logarithmic variables",
journal = "J. Comput. Phys.",
volume = "29",
number = "1",
pages = "35--48",
year = "1978",
issn = "0021-9991",
doi = "10.1016/0021-9991(78)90107-9",
author = "James D. Talman",
url = "http://casa.colorado.edu/~ajsh/FFTLog/#introduction",
  language = {english}
}

@book{hyperspherical_Fourier,
author = {Avery, James Emil and Avery, John Scales},
title = {Hyperspherical Harmonics and Their Physical Applications},
publisher = {World Scientific},
year = {2018},
doi = {10.1142/10690},
address = {},
edition   = {},
URL = {https://www.worldscientific.com/doi/abs/10.1142/10690},
eprint = {https://www.worldscientific.com/doi/pdf/10.1142/10690},
  language = {english}
}

@book{from_Fourier_to_Hankel,
  title={Integral transforms and their applications},
  author={Davies, Brian},
  year={2012},
  publisher={Springer Science \& Business Media},
  doi={10.1007/978-1-4684-9283-5},
  language = {english}
}

@article{Dirac_materials-review,
author = {T. O. Wehling and A. M. Black-Schaffer and A. V. Balatsky},
title = {Dirac materials},
journal = {Adv. Phys.},
volume = {63},
number = {1},
pages = {1-76},
year  = {2014},
publisher = {Taylor & Francis},
doi = {10.1080/00018732.2014.927109},
url = {https://arxiv.org/pdf/1405.5774.pdf#page=4},
  language = {english}
}

@article{BLG_Hamiltonian,
	doi = {10.1088/0034-4885/76/5/056503},
	url = {https://doi.org/10.1088%2F0034-4885%2F76%2F5%2F056503},
	year = 2013,
	_month = {apr},
	publisher = {{IOP} Publishing},
	volume = {76},
	number = {5},
	pages = {056503},
	author = {Edward McCann and Mikito Koshino},
	title = {The electronic properties of bilayer graphene},
	journal = {Reports on Progress in Physics},
  language = {english}
}

@article{plasmon_satellites,
	author = {Bostwick, Aaron and Speck, Florian and Seyller, Thomas and Horn, Karsten and Polini, Marco and Asgari, Reza and MacDonald, Allan H. and Rotenberg, Eli},
	title = {Observation of Plasmarons in Quasi-Freestanding Doped Graphene},
	volume = {328},
	number = {5981},
	pages = {999--1002},
	year = {2010},
	doi = {10.1126/science.1186489},
	publisher = {American Association for the Advancement of Science},
	issn = {0036-8075},
	journal = {Science},
	url = {http://pubman.mpdl.mpg.de/pubman/item/escidoc:759103/component/escidoc:873312/Plasmaron+final+submitted.pdf#page=2},
  language = {english}
}

@article{graphene_Hamiltonian,
  title = {The electronic properties of graphene},
  author = {Castro Neto, A. H. and Guinea, F. and Peres, N. M. R. and Novoselov, K. S. and Geim, A. K.},
  journal = {Rev. Mod. Phys.},
  volume = {81},
  number = {1},
  pages = {109--162},
  numpages = {0},
  year = {2009},
  _month = {Jan},
  publisher = {American Physical Society},
  doi = {10.1103/RevModPhys.81.109},
  url = {https://link.aps.org/doi/10.1103/RevModPhys.81.109},
  language = {english}
}

@article{GW_sum_rules_violation,
  title = {Fully self-consistent $GW$ self-energy of the electron gas},
  author = {Holm, B. and von Barth, U.},
  journal = {Phys. Rev. B},
  volume = {57},
  number = {4},
  pages = {2108--2117},
  numpages = {0},
  year = {1998},
  _month = {Jan},
  publisher = {American Physical Society},
  doi = {10.1103/PhysRevB.57.2108},
  url = {https://itp.tugraz.at/LV/sormann/TFKP4/papers/Holm_98.pdf#page=2},
  language = {english}
}

@article{graphene-phonon_dispersion,
  title={Phonon dispersion in graphene},
  author={Falkovsky, LA},
  journal={Journal of Experimental \& Theoretical Physics},
  volume={105},
  number={2},
  year={2007},
  doi={10.1134/S1063776107080122},
  language = {english}
}

@article{graphene_e-e_interactions,
  title = {Electron-Electron Interactions in Graphene: {Current} Status and Perspectives},
  author = {Kotov, Valeri N. and Uchoa, Bruno and Pereira, Vitor M. and Guinea, F. and Castro Neto, A. H.},
  journal = {Rev. Mod. Phys.},
  volume = {84},
  number = {3},
  pages = {1067--1125},
  numpages = {0},
  year = {2012},
  _month = {Jul},
  publisher = {American Physical Society},
  doi = {10.1103/RevModPhys.84.1067},
  url = {https://arxiv.org/pdf/1012.3484.pdf#page=16},
  language = {english}
}

@article{velocity_renormalization,
  title={{Dirac} cones reshaped by interaction effects in suspended graphene},
  author={Elias, D. C. and Gorbachev, R. V. and Mayorov, A. S. and Morozov, S. V. and Zhukov, A. A. and Blake, P. and Ponomarenko, L. A. and Grigorieva, I. V. and Novoselov, K. S. and Guinea, F. and Geim, A. K.},
  journal={Nat. Phys.},
  volume={7},
  number={9},
  pages={701--704},
  year={2011},
  publisher={Nature Research},
  doi={10.1038/nphys2049},
  url={https://www.nature.com/articles/nphys2049.pdf#page=3},
  language = {english}
}

@article{Finite-temperature_polarizability,
  title = {{Coulomb} interaction in graphene: {Relaxation} rates and transport},
  author = {Sch\"utt, M. and Ostrovsky, P. M. and Gornyi, I. V. and Mirlin, A. D.},
  journal = {Phys. Rev. B},
  volume = {83},
  number = {15},
  pages = {155441},
  numpages = {25},
  year = {2011},
  _month = {Apr},
  publisher = {American Physical Society},
  doi = {10.1103/PhysRevB.83.155441},
  url = {https://arxiv.org/pdf/1011.5217.pdf#page=7},
  language = {english}
}

@article{Rana-Auger,
  title = {Electron-hole generation and recombination rates for {Coulomb} scattering in graphene},
  author = {Rana, Farhan},
  journal = {Phys. Rev. B},
  volume = {76},
  number = {15},
  pages = {155431},
  numpages = {5},
  year = {2007},
  _month = {Oct},
  publisher = {American Physical Society},
  doi = {10.1103/PhysRevB.76.155431},
  url = {https://people.ece.cornell.edu/rana/papers/paper3.pdf#page=3},
  language = {english}
}

@article{Rana-plasmons,
  title = {Ultrafast carrier recombination and generation rates for plasmon emission and absorption in graphene},
  author = {Rana, Farhan and Strait, Jared H. and Wang, Haining and Manolatou, Christina},
  journal = {Phys. Rev. B},
  volume = {84},
  number = {4},
  pages = {045437},
  numpages = {7},
  year = {2011},
  _month = {Jul},
  publisher = {American Physical Society},
  doi = {10.1103/PhysRevB.84.045437},
  url = {http://people.ece.cornell.edu/rana/papers/paper34.pdf#page=5},
  language = {english}
}

@article{Rana-phonons,
  title = {Carrier recombination and generation rates for intravalley and intervalley phonon scattering in graphene},
  author = {Rana, Farhan and George, Paul A. and Strait, Jared H. and Dawlaty, Jahan and Shivaraman, Shriram and Chandrashekhar, Mvs and Spencer, Michael G.},
  journal = {Phys. Rev. B},
  volume = {79},
  number = {11},
  pages = {115447},
  numpages = {5},
  year = {2009},
  _month = {Mar},
  publisher = {American Physical Society},
  doi = {10.1103/PhysRevB.79.115447},
  url = {http://people.ece.cornell.edu/rana/papers/paper28.pdf#page=4},
  language = {english}
}

@article{graphene-radiative,
  title = {Photoconductivity of intrinsic graphene},
  author = {Vasko, F. T. and Ryzhii, V.},
  journal = {Phys. Rev. B},
  volume = {77},
  number = {19},
  pages = {195433},
  numpages = {8},
  year = {2008},
  _month = {May},
  publisher = {American Physical Society},
  doi = {10.1103/PhysRevB.77.195433},
  language = {english}
}

@article{Tomadin-theory,
  title = {Nonequilibrium dynamics of photoexcited electrons in graphene: {Collinear} scattering, {Auger} processes, and the impact of screening},
  author = {Tomadin, Andrea and Brida, Daniele and Cerullo, Giulio and Ferrari, Andrea C. and Polini, Marco},
  journal = {Phys. Rev. B},
  volume = {88},
  number = {3},
  pages = {035430},
  numpages = {18},
  year = {2013},
  _month = {Jul},
  publisher = {American Physical Society},
  doi = {10.1103/PhysRevB.88.035430},
  url = {https://arxiv.org/pdf/1305.5943.pdf#page=12},
  language = {english}
}

@article{Malic-dynamic,
  title={Impact of doping on the carrier dynamics in graphene},
  author={Kadi, Faris and Winzer, Torben and Knorr, Andreas and Malic, Ermin},
  journal={Sci. Rep.},
  volume={5},
  pages={16841},
  year={2015},
  publisher={Nature Publishing Group},
  doi = {10.1038/srep16841},
  url = {https://images.nature.com/original/nature-assets/srep/2015/151118/srep16841/extref/srep16841-s1.pdf#page=3},
  language = {english}
}

@article{Malic-kinetics,
  title = {Microscopic theory of absorption and ultrafast many-particle kinetics in graphene},
  author = {Malic, Ermin and Winzer, Torben and Bobkin, Evgeny and Knorr, Andreas},
  journal = {Phys. Rev. B},
  volume = {84},
  number = {20},
  pages = {205406},
  numpages = {14},
  year = {2011},
  _month = {Nov},
  publisher = {American Physical Society},
  doi = {10.1103/PhysRevB.84.205406},
  language = {english}
}

@article{Malic-Auger,
  title = {Impact of {Auger} processes on carrier dynamics in graphene},
  author = {Winzer, Torben and Mali\'{c}, Ermin},
  journal = {Phys. Rev. B},
  volume = {85},
  number = {24},
  pages = {241404},
  numpages = {5},
  year = {2012},
  _month = {Jun},
  publisher = {American Physical Society},
  doi = {10.1103/PhysRevB.85.241404},
  url = {https://arxiv.org/pdf/1204.5650.pdf},
  language = {english}
}

@article{Malic2017,
author = {Malic, E. and Winzer, T. and Wendler, F. and Brem, S. and Jago, R. and Knorr, A. and Mittendorff, M. and K{\"o}nig-Otto, J. C. and Pl{\"o}tzing, T. and Neumaier, D. and Schneider, H. and Helm, M. and Winnerl, S.},
title = {Carrier Dynamics in Graphene: {Ultrafast} Many-Particle Phenomena},
journal = {Ann. Phys. (Berl.)},
volume = {529},
number = {11},
issn = {1521-3889},
doi = {10.1002/andp.201700038},
pages = {1700038},
keywords = {graphene, carrier dynamics, carrier multiplication, population inversion},
year = {2017},
  language = {english}
}

@article{Gierz2013,
  title={Snapshots of non-equilibrium {Dirac} carrier distributions in graphene},
  author={Gierz, Isabella and Petersen, Jesse C. and Mitrano, Matteo and Cacho, Cephise and Turcu, I. C. Edmond and Springate, Emma and St{\"o}hr, Alexander and K{\"o}hler, Axel and Starke, Ulrich and Cavalleri, Andrea},
  journal={Nat. Mater.},
  volume={12},
  number={12},
  pages={1119--1124},
  year={2013},
  publisher={Nature Research},
  doi={10.1038/nmat3757},
  url={http://www.mpsd-qcmd.mpg.de/publications/2013/gierz-graphene-nm2013sm.pdf#page=3},
  language = {english}
}

@article{Gierz2014,
   author={Isabella Gierz and Matteo Mitrano and Jesse C. Petersen and Cephise Cacho and I. C. Edmond Turcu and Emma
Springate and Alexander St{\"o}hr and Axel K{\"o}hler and Ulrich Starke and Andrea Cavalleri},
  title={Population inversion in monolayer and bilayer graphene},
  journal={J. Phys.: Condens. Matter},
  volume={27},
  number={16},
  pages={164204},
  doi={10.1088/0953-8984/27/16/164204},
  year={2015},
  url={http://qcmd.mpsd.mpg.de/files/qcmd-theme/publications/2015/gierz-jophys-2015.pdf#page=5},
  language = {english}
}

@article{Gierz2015,
  title = {Tracking Primary Thermalization Events in Graphene with Photoemission at Extreme Time Scales},
  author = {Gierz, I. and Calegari, F. and Aeschlimann, S. and Ch\'avez Cervantes, M. and Cacho, C. and Chapman, R. T. and Springate, E. and Link, S. and Starke, U. and Ast, C. R. and Cavalleri, A.},
  journal = {Phys. Rev. Lett.},
  volume = {115},
  number = {8},
  pages = {086803},
  numpages = {5},
  year = {2015},
  _month = {Aug},
  publisher = {American Physical Society},
  doi = {10.1103/PhysRevLett.115.086803},
  url = {https://arxiv.org/pdf/1506.00120.pdf#page=16},
  language = {english}
}

@article{Gierz2016,
title = "Probing carrier dynamics in photo-excited graphene with time-resolved {ARPES}",
journal = "J. Electron. Spectrosc. Relat. Phenom.",
volume = "219",
number = "Supplement C",
pages = "53--56",
year = "2017",
issn = "0368-2048",
doi = "10.1016/j.elspec.2016.11.001",
author = "I. Gierz",
keywords = "Graphene, Ultrafast dynamics, tr-ARPES, Auger scattering",
url = {https://arxiv.org/pdf/1607.03287.pdf#page=10},
  language = {english}
}

@article{Li-pump-probe,
 title = {Femtosecond Population Inversion and Stimulated Emission of Dense {Dirac} Fermions in Graphene},
  author = {Li, T. and Luo, L. and Hupalo, M. and Zhang, J. and Tringides, M. C. and Schmalian, J. and Wang, J.},
  journal = {Phys. Rev. Lett.},
  volume = {108},
  number = {16},
  pages = {167401},
  numpages = {5},
  year = {2012},
  _month = {Apr},
  publisher = {American Physical Society},
  doi = {10.1103/PhysRevLett.108.167401},
  url = {https://arxiv.org/pdf/1112.2204.pdf#page=3},
  language = {english}
}



















@article{Kane_model,
  title = {Magnetospectroscopy of two-dimensional HgTe-based topological insulators around the critical thickness},
  author = {Zholudev, M. and Teppe, F. and Orlita, M. and Consejo, C. and Torres, J. and Dyakonova, N. and Czapkiewicz, M. and Wr\'obel, J. and Grabecki, G. and Mikhailov, N. and Dvoretskii, S. and Ikonnikov, A. and Spirin, K. and Aleshkin, V. and Gavrilenko, V. and Knap, W.},
  journal = {Phys. Rev. B},
  volume = {86},
  number = {20},
  pages = {205420},
  numpages = {9},
  year = {2012},
  _month = {Nov},
  publisher = {American Physical Society},
  doi = {10.1103/PhysRevB.86.205420},
  url = {https://link.aps.org/doi/10.1103/PhysRevB.86.205420},
language = {english}
}

@BOOK{Zholudev_dissertation,
  author = {Жолудев, Максим Сергеевич},
  title = {Терагерцовая спектроскопия квантовых ям Hg$_{1-x}$Cd$_x$Te/Cd$_y$Hg$_{1-y}$Te: дис. ... канд. физ.-мат. наук: 05.27.01},
  address = {Нижний Новгород},
  year = {2013},
  numpages = {130},
  language = {russian}
}

@book{k-p_handbook,
  title={The k$\cdot$p method: electronic properties of semiconductors},
  author={Voon, Lok C Lew Yan and Willatzen, Morten},
  year={2009},
  publisher={Springer Science \& Business Media},
  doi={10.1007/978-3-540-92872-0},
          language = {english}
}

@article{k-p_spurious_solutions,
  title = {Elimination of spurious solutions from eight-band $\mathbf{k}\ensuremath{\cdot}\mathbf{p}$ theory},
  author = {Foreman, Bradley A.},
  journal = {Phys. Rev. B},
  volume = {56},
  number = {20},
  pages = {R12748--R12751},
  numpages = {0},
  year = {1997},
  _month = {Nov},
  publisher = {American Physical Society},
  doi = {10.1103/PhysRevB.56.R12748},
  url = {https://link.aps.org/doi/10.1103/PhysRevB.56.R12748},
          language = {english}
}


@article {BHZ,
	author = {Bernevig, B. Andrei and Hughes, Taylor L. and Zhang, Shou-Cheng},
	title = {Quantum Spin Hall Effect and Topological Phase Transition in HgTe Quantum Wells},
	volume = {314},
	number = {5806},
	pages = {1757--1761},
	year = {2006},
	doi = {10.1126/science.1133734},
	publisher = {American Association for the Advancement of Science},
	issn = {0036-8075},
	URL = {http://science.sciencemag.org/content/314/5806/1757},
	eprint = {http://science.sciencemag.org/content/314/5806/1757.full.pdf},
	journal = {Science},
          language = {english}
}

@article{HgCdTe-phonon_params,
author = {Polit, J. and Sheregii, E. M. and Cebulski, J. and Kisiel, A. and Marcelli, A. and Robouch, B. V. and Guidi, M. Cestelli and Piccinini, M. and Mycielski, A.},
title = {Additional phonon modes related to intrinsic defects in CdHgTe},
journal = {Phys. Status Solidi C},
volume = {6},
number = {9},
pages = {2012-2015},
keywords = {61.72.в€’y, 63.20.Dв€’, 78.20.Bh, 78.20.Ci, 78.30.Fs},
doi = {10.1002/pssc.200881762},
url = {https://onlinelibrary.wiley.com/doi/abs/10.1002/pssc.200881762},
eprint = {https://onlinelibrary.wiley.com/doi/pdf/10.1002/pssc.200881762},
year = {2009},
language = {english}
}

@article{HgCdTe-high-frequency_kappa,
title = "Reststrahlen spectra of HgTe and Cd$_x$Hg$_{1-x}$Te",
journal = "Solid State Communications",
volume = "10",
number = "9",
pages = "875 - 878",
year = "1972",
issn = "0038-1098",
doi = "10.1016/0038-1098(72)90211-6",
url = "http://www.sciencedirect.com/science/article/pii/0038109872902116",
author = "J. Baars and F. Sorger",
language = {english}
}

@book{Kubo,
  title={Condensed matter physics},
  author={Marder, Michael P},
  year={2010},
  publisher={John Wiley \& Sons},
  doi={10.1002/9780470949955},
language = {english}
}

@article{Lorentzian_convolution,
  title={Symmetry assumptions, Kramers--Kronig transformation and analytical continuation in \textit{ab initio} calculations of optical conductivities},
  author={Rathgen, Helmut and Katsnelson, Mikhail I},
  journal={Physica Scripta},
  volume={T109},
  pages={170},
  year={2004},
  publisher={IOP Publishing},
  doi={10.1238/Physica.Topical.109a00170},
  language = {english}
}

@article{HgCdTe_mobility,
author = {Kozlov,D. A.  and Kvon,Z. D.  and Mikhailov,N. N.  and Dvoretskii,S. A.  and Weishäupl,S.  and Krupko,Y.  and Portal,J.-C. },
title = {Quantum Hall effect in HgTe quantum wells at nitrogen temperatures},
journal = {Applied Physics Letters},
volume = {105},
number = {13},
pages = {132102},
year = {2014},
doi = {10.1063/1.4896682},
URL = {https://doi.org/10.1063/1.4896682},
language = {english}
}

@article{resonant_Auger,
  title={Auger lifetime in InAs, InAsSb, and InAsSb-InAlAsSb quantum wells},
  author={Lindle, JR and Meyer, JR and Hoffman, CA and Bartoli, FJ and Turner, GW and Choi, HK},
  journal={Applied physics letters},
  volume={67},
  number={21},
  pages={3153--3155},
  year={1995},
  publisher={American Institute of Physics},
  doi={10.1063/1.115146},
language = {english}
}

@book{semiconductor_handbook,
author = {Levinshtein, M and Rumyantsev, S and Shur, M},
title = {Handbook Series on Semiconductor Parameters},
publisher = {World Scientific},
year = {1996},
doi = {10.1142/2046-vol1},
address = {},
edition   = {},
URL = {https://www.worldscientific.com/doi/abs/10.1142/2046-vol1},
eprint = {https://www.worldscientific.com/doi/pdf/10.1142/2046-vol1},
language = {english}
}

@article{InSb_threshold,
	doi = {10.1088/0268-1242/5/7/018},
	url = {https://doi.org/10.1088%2F0268-1242%2F5%2F7%2F018},
	year = 1990,
	_month = {jul},
	publisher = {{IOP} Publishing},
	volume = {5},
	number = {7},
	pages = {738--744},
	author = {A R Beattie and R A Abram and P Scharoch},
	title = {Realistic evaluation of impact ionisation and Auger recombination rates for the ccch transition in {InSb} and {InGaAsP}},
	journal = {Semiconductor Science and Technology},
language = {english}
}

@Article{HgCdTe-narrow_vs_wide,
author="Rumyantsev, V. V.
and Kadykov, A. M.
and Fadeev, M. A.
and Dubinov, A. A.
and Utochkin, V. V.
and Mikhailov, N. N.
and Dvoretskii, S. A.
and Morozov, S. V.
and Gavrilenko, V. I.",
title="Investigation of HgCdTe waveguide structures with quantum wells for long-wavelength stimulated emission",
journal="Semiconductors",
year="2017",
month="Dec",
day="01",
volume="51",
number="12",
pages="1557--1561",
issn="1090-6479",
doi="10.1134/S106378261712017X",
url="https://doi.org/10.1134/S106378261712017X",
language = {english}
}

@article{ICL_3.67um_300K,
  title={Rebalancing of internally generated carriers for mid-infrared interband cascade lasers with very low power consumption},
  author={Vurgaftman, I and Bewley, WW and Canedy, CL and Kim, CS and Kim, M and Merritt, CD and Abell, J and Lindle, JR and Meyer, JR},
  journal={Nat. Commun.},
  volume={2},
  pages={585},
  year={2011},
  publisher={Nature Publishing Group},
  doi={10.1038/ncomms1595},
language = {english}
}

@article{QCL_5.1um_300K,
author = {Wang,X. J.  and Fan,J. Y.  and Tanbun-Ek,T.  and Choa,F.-S. },
title = {Low threshold quantum-cascade lasers of room temperature continuous-wave operation grown by metal-organic chemical-vapor deposition},
journal = {Appl. Phys. Lett.},
volume = {90},
number = {21},
pages = {211103},
year = {2007},
doi = {10.1063/1.2741409},
URL = {https://doi.org/10.1063/1.2741409},
language = {english}
}

@article{ICL_6um_300K,
author = { C. L. Canedy and M. V. Warren and C. D. Merritt and W. W. Bewley and C. S. Kim and M. Kim and I. Vurgaftman and J. R. Meyer},
title = {Interband cascade lasers with longer wavelengths},
journal={Proceedings of SPIE},
volume = {10111},
year = {2017},
doi = {10.1117/12.2246450},
URL = {https://doi.org/10.1117/12.2246450},
language = {english}
}

@article{ICL_7um_300K,
author = {Dallner,Matthias  and Hau,Florian  and Höfling,Sven  and Kamp,Martin },
title = {InAs-based interband-cascade-lasers emitting around 7~$\mu$m with threshold current densities below 1~kA/cm$^2$ at room temperature},
journal = {Appl. Phys. Lett.},
volume = {106},
number = {4},
pages = {041108},
year = {2015},
doi = {10.1063/1.4907002},
URL = {https://doi.org/10.1063/1.4907002},
language = {english}
}

@INPROCEEDINGS{QCL_7.66um_300K, 
author={A. Z. {Li} and C. {Lin} and H. {Li} and G. Y. {Xu} and Y. G. {Zhang} and L. {Wei} and C. C. {Li} and J. {Hu}}, 
booktitle={2006 Joint 31st International Conference on Infrared Millimeter Waves and 14th International Conference on Teraherz Electronics}, 
title={Room Temperature Low-Threshold Mid-Infrared Quantum Cascade Lasers}, 
year={2006}, 
volume={}, 
number={}, 
pages={391-391}, 
doi={10.1109/ICIMW.2006.368599}, 
ISSN={2162-2027}, 
month={Sep.},
language = {english}
}

@ARTICLE{ICL_10.4um_77K, 
author={Z. {Tian} and L. {Li} and H. {Ye} and R. Q. {Yang} and T. D. {Mishima} and M. B. {Santos} and M. B. {Johnson}}, 
journal={Electronics Letters}, 
title={InAs-based interband cascade lasers with emission wavelength at 10.4 $\mu$m}, 
year={2012}, 
volume={48}, 
number={2}, 
pages={113-114}, 
doi={10.1049/el.2011.3555}, 
ISSN={0013-5194}, 
month={January},
language = {english}
}

@article{QCL_15.1um_300K,
author = {Alexei N. Baranov and Michael Bahriz and Roland Teissier},
journal = {Opt. Express},
number = {16},
pages = {18799--18806},
publisher = {OSA},
title = {Room temperature continuous wave operation of InAs-based quantum cascade lasers at 15 $\mu$m},
volume = {24},
_month = {Aug},
year = {2016},
url = {http://www.opticsexpress.org/abstract.cfm?URI=oe-24-16-18799},
doi = {10.1364/OE.24.018799},
language = {english}
}

@article{QCL_17.8um_77K,
author = {Chastanet,D.  and Bousseksou,A.  and Lollia,G.  and Bahriz,M.  and Julien,F. H.  and Baranov,A. N.  and Teissier,R.  and Colombelli,R. },
title = {High temperature, single mode, long infrared ($\lambda = 17.8$~$\mu$m) InAs-based quantum cascade lasers},
journal = {Appl. Phys. Lett.},
volume = {105},
number = {11},
pages = {111118},
year = {2014},
doi = {10.1063/1.4895763},
URL = {https://aip.scitation.org/doi/abs/10.1063/1.4895763},
language = {english}
}

@ARTICLE{QCL_24.5um_77K, 
author={Z. {Loghmari} and M. {Bahriz} and A. {Meguekam} and R. {Teissier} and A. N. {Baranov}}, 
journal={Electron. Lett.}, 
title={InAs-based quantum cascade lasers emitting close to 25 $\mu$m}, 
year={2019}, 
volume={55}, 
number={3}, 
pages={144-146}, 
doi={10.1049/el.2018.6413}, 
ISSN={0013-5194}, 
month={},
language = {english}
}


@article{QCL_28.3um_77K,
author = {Ohtani, Keita and Beck, Mattias and Süess, Martin Josef and Faist, Jérôme and Andrews, Aaron Maxwell and Zederbauer, Tobias and Detz, Hermann and Schrenk, Werner and Strasser, Gottfried},
title = {Far-Infrared Quantum Cascade Lasers Operating in the AlAs Phonon Reststrahlen Band},
journal = {ACS Photon.},
volume = {3},
number = {12},
pages = {2280-2284},
year = {2016},
doi = {10.1021/acsphotonics.6b00750},
URL = {https://doi.org/10.1021/acsphotonics.6b00750},
language = {english}
}

@article{LeadSalt_DoubleHeterostructure,
title = "Liquid phase epitaxy grown PbSnSeTe/PbSe double heterostructure diode lasers",
journal = "Infrared Phys. Techn.",
volume = "37",
number = "4",
pages = "439--443",
year = "1996",
issn = "1350-4495",
doi = "10.1016/1350-4495(95)00120-4",
author = "Z. Feit and J. Fuchs and D. Kostyk and W. Jalenak",
language = {english}
}

@article{Lead_Salt_LaserCharacteristics,
  title={Длинноволновые инжекционные лазеры на основе твердого раствора Pb$_{1-x}$Sn$_x$Se и их использование для спектроскопии твердого тела},
  author={Маремьянин, КВ and Иконников, АВ and Антонов, АВ and Румянцев, ВВ and Морозов, СВ and Бовкун, ЛС and Умбеталиева, КР and Чижевский, ЕГ and Засавицкий, ИИ and Гавриленко, ВИ},
  journal={Физика и техника полупроводников},
  volume={49},
  number={12},
  pages={1672--1675},
  year={2015},
  url={http://journals.ioffe.ru/articles/viewPDF/42552},
language = {russian}
}

@article{QCL_threshold_concentration,
author = {Bugajski, M. and Gutowski, P. and Karbownik, P. and Kolek, A. and Hałdaś, G. and Pierściński, K. and Pierścińska, D. and Kubacka-Traczyk, J. and Sankowska, I. and Trajnerowicz, A. and Kosiel, K. and Szerling, A. and Grzonka, J. and Kurzydłowski, K. and Slight, T. and Meredith, W.},
title = {Mid-IR quantum cascade lasers: Device technology and non-equilibrium Green's function modeling of electro-optical characteristics},
journal = {Physica Status Solidi (b)},
volume = {251},
number = {6},
pages = {1144-1157},
doi = {10.1002/pssb.201350322},
url = {https://onlinelibrary.wiley.com/doi/abs/10.1002/pssb.201350322},
year = {2014},
language = {english}
}

@article{Dirac_optical_conductivity,
  title={Polarization charge distribution in gapped graphene: Perturbation theory and exact diagonalization analysis},
  author={Kotov, Valeri N and Pereira, Vitor M and Uchoa, Bruno},
  journal={Physical Review B},
  volume={78},
  number={7},
  pages={075433},
  year={2008},
  publisher={APS},
  doi={10.1103/PhysRevB.78.075433},
language = {english}
}

@incollection{optical_constants_handbook,
title = "Cadmium Telluride (CdTe)",
editor = "EDWARD D. PALIK",
booktitle = "Handbook of Optical Constants of Solids",
publisher = "Academic Press",
address = "Boston",
pages = "409 - 427",
year = "1985",
isbn = "978-0-08-054721-3",
doi = "10.1016/B978-0-08-054721-3.50019-8",
url = "http://www.sciencedirect.com/science/article/pii/B9780080547213500198",
author = "EDWARD D. PALIK",
language = {english}
}

@article{CdTe_transmission,
author = {O. M. Stafsudd and F. A. Haak and K. Radisavljevi\'{c}},
journal = {J. Opt. Soc. Am.},
keywords = {Absorption spectroscopy; Infrared radiation; Monochromators; Optical absorption; Optical properties; Temperature},
number = {12},
pages = {1475--1476},
publisher = {OSA},
title = {Far-Infrared Spectrum of Cadmium Telluride},
volume = {57},
_month = {Dec},
year = {1967},
url = {http://www.osapublishing.org/abstract.cfm?URI=josa-57-12-1475},
doi = {10.1364/JOSA.57.001475},
language = {english}
}

@book{semiconductor_handbook,
  title={Handbook on physical properties of semiconductors},
  author={Adachi, Sadao},
  volume={3},
  year={2004},
  publisher={Springer Science \& Business Media},
  doi={10.1007/1-4020-7821-8},
language = {english}
}

@article{carrier_accumulation_in_OCL,
author = {Ryvkin,B. S.  and Avrutin,E. A. },
title = {Effect of carrier loss through waveguide layer recombination on the internal quantum efficiency in large-optical-cavity laser diodes},
journal = {Journal of Applied Physics},
volume = {97},
number = {11},
pages = {113106},
year = {2005},
doi = {10.1063/1.1929087},
URL = {https://doi.org/10.1063/1.1929087},
eprint = { https://doi.org/10.1063/1.1929087},
language = {english}
}

@article{capture_time_subpicosecond,
author = {Hirayama,Hideki  and Yoshida,Junji  and Miyake,Yasunari  and Asada,Masahiro },
title = {Estimation of carrier capture time of quantum‐well lasers by spontaneous emission spectra},
journal = {Applied Physics Letters},
volume = {61},
number = {20},
pages = {2398-2400},
year = {1992},
doi = {10.1063/1.108176},
URL = { https://doi.org/10.1063/1.108176},
eprint = {https://doi.org/10.1063/1.108176},
language = {english}
}

@article{capture_time_oscillations_theory1,
  title = {Resonant carrier capture by semiconductor quantum wells},
  author = {Brum, J. A. and Bastard, G.},
  journal = {Phys. Rev. B},
  volume = {33},
  number = {2},
  pages = {1420--1423},
  numpages = {0},
  year = {1986},
  _month = {Jan},
  publisher = {American Physical Society},
  doi = {10.1103/PhysRevB.33.1420},
  url = {https://link.aps.org/doi/10.1103/PhysRevB.33.1420},
language = {english}
}

@article{capture_time_oscillations_theory2,
author = {Blom,P. W. M.  and Haverkort,J. E. M.  and van Hall,P. J.  and Wolter,J. H. },
title = {Carrier‐carrier scattering induced capture in quantum well lasers},
journal = {Applied Physics Letters},
volume = {62},
number = {13},
pages = {1490-1492},
year = {1993},
doi = {10.1063/1.108668},
URL = {https://doi.org/10.1063/1.108668},
eprint = { https://doi.org/10.1063/1.108668},
language = {english}
}

@article{capture_time_oscillations_exp1,
  title = {Resonant electron capture in ${\mathrm{Al}}_{\mathit{x}}$${\mathrm{Ga}}_{1\mathrm{\ensuremath{-}}\mathit{x}}$As/AlAs/GaAs quantum wells},
  author = {Fujiwara, A. and Takahashi, Y. and Fukatsu, S. and Shiraki, Y. and Ito, R.},
  journal = {Phys. Rev. B},
  volume = {51},
  number = {4},
  pages = {2291--2301},
  numpages = {0},
  year = {1995},
  _month = {Jan},
  publisher = {American Physical Society},
  doi = {10.1103/PhysRevB.51.2291},
  url = {https://link.aps.org/doi/10.1103/PhysRevB.51.2291},
language = {english}
}

@article{capture_time_oscillations_exp2,
  title = {Ultrafast optical evidence for resonant electron capture in quantum wells},
  author = {Barros, M. R. X. and Becker, P. C. and Morris, D. and Deveaud, B. and Regreny, A. and Beisser, F.},
  journal = {Phys. Rev. B},
  volume = {47},
  number = {16},
  pages = {10951--10954},
  numpages = {0},
  year = {1993},
  _month = {Apr},
  publisher = {American Physical Society},
  doi = {10.1103/PhysRevB.47.10951},
  url = {https://link.aps.org/doi/10.1103/PhysRevB.47.10951},
language = {english}
}


@article{capture_time_oscillations_exp3,
  title={Осцилляции скорости захвата неравновесных носителей в квантовые ямы гетероструктур AlGaAs/GaAs},
  author={Яременко, НГ and Страхов, ВА and Карачевцева, МВ},
  journal={Радиотехника и электроника},
  volume={63},
  number={10},
  pages={1124--1129},
  year={2018},
  url={http://cplire.ru:8080/6124/},
  language = {russian}
}

@article{capture_velocity_definition,
	doi = {10.1088/0268-1242/9/10/002},
	url = {https://doi.org/10.1088%2F0268-1242%2F9%2F10%2F002},
	year = 1994,
	_month = {oct},
	publisher = {{IOP} Publishing},
	volume = {9},
	number = {10},
	pages = {1763--1774},
	author = {I N Yassievich and K Schmalz and M Beer},
	title = {Capture and emission of carriers in semiconductor quantum wells},
	journal = {Semiconductor Science and Technology},
          language = {english}
}

@article{capture_velocity_exp,
  title={Захват носителей заряда и выходная мощность лазера на квантовой яме},
  author={Соколова, ЗН and Тарасов, ИС and Асрян, ЛВ},
  journal={Физика и техника полупроводников},
  volume={45},
  number={11},
  pages={1553--1559},
  year={2011},
  url={http://journals.ioffe.ru/articles/viewPDF/7570},
  language = {russian}
}

@article{capture_time_vs_number_of_wells,
author = {Hader,J.  and Moloney,J. V.  and Koch,S. W. },
title = {Structural dependence of carrier capture time in semiconductor quantum-well lasers},
journal = {Applied Physics Letters},
volume = {85},
number = {3},
pages = {369-371},
year = {2004},
doi = {10.1063/1.1774271},
URL = { https://doi.org/10.1063/1.1774271},
eprint = {https://doi.org/10.1063/1.1774271},
language = {english}
}











@article{recombination_in_narrow_gap,
title = "Recombination in narrow-gap semiconductors",
journal = "Physics Reports",
volume = "63",
number = "5",
pages = "265--300",
year = "1980",
issn = "0370-1573",
doi = "10.1016/0370-1573(80)90113-1",
url = "http://www.sciencedirect.com/science/article/pii/0370157380901131",
author = "G{\"u}nter Nimtz",
language = {english}
}

@article{lead_salt-plasmon,
  title = {Band Inversion in ${\mathrm{Pb}}_{1\ensuremath{-}x}{\mathrm{Sn}}_{x}\mathrm{Se}$ Alloys under Hydrostatic Pressure. III. Laser Emission},
  author = {Martinez, G.},
  journal = {Phys. Rev. B},
  volume = {8},
  number = {10},
  pages = {4693--4707},
  numpages = {0},
  year = {1973},
  _month = {Nov},
  publisher = {American Physical Society},
  doi = {10.1103/PhysRevB.8.4693},
  url = {https://link.aps.org/doi/10.1103/PhysRevB.8.4693},
language = {english}
}

@article{HgCdTe-plasmon_photoconductivity,
title = "The effect of single-phonon and plasmon recombination on the lifetime in $n$-Hg$_{1-x}$Cd$_x$Te with magnetically tuned bandgap",
journal = "Solid-State Electronics",
volume = "21",
number = "11",
pages = "1471--1474",
year = "1978",
issn = "0038-1101",
doi = "10.1016/0038-1101(78)90227-7",
url = "http://www.sciencedirect.com/science/article/pii/0038110178902277",
author = "Ralf Dornhaus and G{\"u}nter Nimtz",
language = {english}
}






@article{plasmon_dispersion,
  title={Polarizability of a two-dimensional electron gas},
  author={Stern, Frank},
  journal={Physical Review Letters},
  volume={18},
  number={14},
  pages={546},
  year={1967},
  publisher={APS},
  doi={10.1103/PhysRevLett.18.546},
language = {english}
}

@article{spaser,
  title = {Surface Plasmon Amplification by Stimulated Emission of Radiation: Quantum Generation of Coherent Surface Plasmons in Nanosystems},
  author = {Bergman, David J. and Stockman, Mark I.},
  journal = {Phys. Rev. Lett.},
  volume = {90},
  number = {2},
  pages = {027402},
  numpages = {4},
  year = {2003},
  _month = {Jan},
  publisher = {American Physical Society},
  doi = {10.1103/PhysRevLett.90.027402},
  url = {https://link.aps.org/doi/10.1103/PhysRevLett.90.027402},
  language = {english}
}

@article{subwavelength_spaser,
  title={Plasmon lasers at deep subwavelength scale},
  author={Oulton, Rupert F and Sorger, Volker J and Zentgraf, Thomas and Ma, Ren-Min and Gladden, Christopher and Dai, Lun and Bartal, Guy and Zhang, Xiang},
  journal={Nature},
  volume={461},
  number={7264},
  pages={629--632},
  year={2009},
  publisher={Nature Publishing Group},
  doi={10.1038/nature08364},
  language = {english}
}







@article{HfO2kappa,
title = "Optical properties of {HfO$_2$} thin films deposited by magnetron sputtering: {From} the visible to the far-infrared",
journal = "Thin Solid Films",
volume = "520",
number = "22",
pages = "6793--6802",
year = "2012",
issn = "0040-6090",
doi = "10.1016/j.tsf.2012.07.037",
author = "T. J. Bright and J. I. Watjen and Z. M. Zhang and C. Muratore and A. A. Voevodin",
keywords = "Hafnium oxide, Infrared, Magnetron sputtering, Optical constants, Thin films, X-ray diffraction, Fourier transform infrared spectroscopy, Ellipsometry",
language = {english}
}

@article{hBNkappa,
  title = {Normal Modes in Hexagonal Boron Nitride},
  author = {Geick, R. and Perry, C. H. and Rupprecht, G.},
  journal = {Phys. Rev.},
  volume = {146},
  number = {2},
  pages = {543--547},
  numpages = {0},
  year = {1966},
  _month = {Jun},
  publisher = {American Physical Society},
  doi = {10.1103/PhysRev.146.543},
language = {english}
}

@article{SiCkappa,
  title = {Infrared Properties of Hexagonal Silicon Carbide},
  author = {Spitzer, W. G. and Kleinman, D. and Walsh, D.},
  journal = {Phys. Rev.},
  volume = {113},
  number = {1},
  pages = {127--132},
  numpages = {0},
  year = {1959},
  _month = {Jan},
  publisher = {American Physical Society},
  doi = {10.1103/PhysRev.113.127},
language = {english}
}

@article{Auger_Monte_Carlo,
author = {Delaney,Kris T.  and Rinke,Patrick  and Van de Walle,Chris G. },
title = {Auger recombination rates in nitrides from first principles},
journal = {Applied Physics Letters},
volume = {94},
number = {19},
pages = {191109},
year = {2009},
doi = {10.1063/1.3133359},
URL = {https://doi.org/10.1063/1.3133359},
eprint = {https://doi.org/10.1063/1.3133359},
language = {english}
}

@article{Monte_Carlo_infinite_variance,
  title={Crude Monte Carlo quadrature in infinite variance case and the Central Limit Theorem},
  author={T{\"o}rn, Aimo},
  journal={BIT Numerical Mathematics},
  volume={6},
  number={4},
  pages={339--346},
  year={1966},
  publisher={Springer},
  doi={10.1007/BF01966094},
language = {english}
}

@article{electromagnetic_field_quantization,
	author = {И. Н. Топтыгин},
	title = {Квантовое описание поля в макроскопической электродинамике и свойства фотонов в прозрачных средах},
	publisher = {Успехи физических наук},
	year = {2017},
	journal = {Усп. физ. наук},
	volume = {187},
	number = {9},
	pages = {1007-1020},
	url = {https://ufn.ru/ru/articles/2017/9/g/},
	doi = {10.3367/UFNr.2017.04.038138},
           language = {russian}
}

@article{radiative_rate_from_absorption,
  title = {Spontaneous and Stimulated Recombination Radiation in Semiconductors},
  author = {Lasher, Gordon and Stern, Frank},
  journal = {Phys. Rev.},
  volume = {133},
  number = {2A},
  pages = {A553--A563},
  numpages = {0},
  year = {1964},
  _month = {Jan},
  publisher = {American Physical Society},
  doi = {10.1103/PhysRev.133.A553},
  url = {https://link.aps.org/doi/10.1103/PhysRev.133.A553},
language = {english}
}
}